3036 4914
681 809 728 904 ΙΙ.

258 999 331 1087 Ipso
371 1000 481 1068 ordine
520 1000 671 1068 librorum
712 1002 799 1086 αβγδ
835 999 1027 1086 significaui,
1068 1001 1122 1085 qui
1159 1000 1237 1066 mihi

172 1123 336 1190 uideantur
378 1125 499 1209 origiue
536 1126 658 1212 priores
694 1125 747 1210 qui
782 1125 972 1211 posteriores
1007 1145 1092 1192 esse:
1127 1125 1235 1212 paucis

171 1247 247 1315 illud
269 1247 421 1315 iudioium
445 1251 506 1316 erit
528 1249 724 1336 probandum
750 1250 834 1334 quod
863 1254 913 1315 sat
940 1249 1041 1316 firmis
1067 1250 1236 1336 praesidiis

171 1371 338 1440 destitutus
362 1372 519 1440 diuinauit
540 1374 641 1456 magis
659 1372 847 1440 IGrimmius
871 1394 964 1458 quam
990 1379 1139 1460 expertus
1162 1393 1237 1459 pro·

169 1497 336 1563 nuntiauit

259 1620 325 1687 Iam
354 1621 438 1706 quod
466 1621 604 1708 primum
635 1627 698 1705 est,
727 1627 763 1687 ut
789 1622 1001 1688 demonstrem
1031 1627 1097 1688 tam
1123 1641 1236 1706 graues

169 1765 237 1812 esse
259 1745 412 1811 librorum
441 1745 641 1813 diuersitates
667 1766 747 1831 quae
775 1751 890 1830 nogant
918 1753 981 1812 tres
1011 1746 1063 1812 uel
1089 1752 1237 1830 quattuor

169 1870 296 1936 ordines
319 1869 512 1953 distinguere
536 1872 620 1948 (nam
644 1890 755 1955 parum
779 1869 839 1962 hoo
867 1868 1001 1937 efficitur
1027 1869 1106 1936 loois
1135 1870 1236 1954 qualis

170 1998 218 2060 est
240 1995 307 2058 396
335 1993 389 2059 ubi
412 1996 571 2060 subrectae
600 2021 622 2058 α
656 2001 857 2079 surrectura
889 1995 1055 2082 subreptas
1077 1995 1128 2077 rt:
1165 2015 1237 2081 pos·

171 2138 239 2183 sum
264 2137 301 2184 eo
324 2117 427 2185 offioio
452 2118 671 2205 supersedere,
703 2139 773 2183 oum
804 2118 919 2184 elamet
949 2119 1079 2202 quaeuis
1101 2118 1235 2204 pagella.
1328 2096 1331 2103 ¹

171 2241 250 2307 illud
272 2246 380 2308 tamen
403 2243 497 2329 eertis
521 2242 625 2308 uerbis
649 2242 859 2327 profitendum
879 2247 956 2326 quot
977 2241 1128 2308 librorum
1153 2242 1237 2308 ordi·

170 2385 226 2432 nes
254 2365 386 2432 totidem
415 2386 484 2432 esse
508 2371 651 2432 auctores
675 2387 798 2432 eorum:
827 2386 960 2450 quorum
985 2367 1145 2432 diuersum
1168 2371 1237 2433 erut

170 2491 331 2574 ingenium
355 2489 481 2556 diuersa
504 2490 655 2556 doctrine.
691 2488 797 2556 Pauoa
820 2489 978 2556 sufficiant
993 2491 1139 2577 exempla
1162 2497 1237 2576 end

171 2614 371 2700 potissimum
395 2618 538 2699 sumpta:
562 2635 591 2679 u.
610 2615 652 2679 83
677 2619 725 2679 est
746 2615 779 2679 in
803 2636 862 2696 ay:

310 2739 375 2804 Hie
396 2739 453 2803 abi
474 2742 621 2825 oopaouo't
640 2752 745 2825 potatos
768 2741 826 2803 duo
848 2761 911 2804 eoae
934 2741 1077 2804 domator
1100 2773 1142 2784 -

170 2862 203 2926 in
225 2867 262 2946 βε
308 2863 373 2927 Hic
389 2876 563 2949 postquam
586 2866 721 2928 domitus
733 2875 839 2949 pentes
861 2863 918 2927 dua
941 2866 1093 2950 comperit
1114 2885 1178 2928 eoae
1193 2897 1235 2908 -

172 3005 267 3052 eausa
289 2986 474 3052 mutationis
498 2989 641 3053 domatus
669 2990 746 3050 erat.
780 2985 982 3070 Displicebat
1009 3007 1037 3050 u.
1056 2987 1095 3050 71
1122 3009 1237 3072 paoem

172 3113 249 3176 dure
272 3124 366 3196 atque
388 3133 560 3176 resumere:
587 3109 685 3192 igitur
707 3112 852 3174 dextram
873 3109 1014 3194 reposuit
1035 3135 1065 3191 γ,
1088 3108 1237 3174 tolerarit

170 3233 250 3299 illud
264 3240 294 3318 β.
331 3233 391 3300 Hie
413 3239 519 3300 tamen
535 3255 564 3298 n.
583 3234 646 3298 227
670 3235 793 3300 auitam
811 3236 947 3299 totondit
960 3252 1024 3297 non
1040 3252 1152 3317 passus
1167 3251 1236 3298 eor-

98 3325 106 3340 ¹
172 3359 256 3426 rexit
271 3362 450 3446 conspeetu
466 3358 549 3424 idem
566 3359 629 3422 691
648 3370 704 3422 aar
719 3393 761 3402 -
778 3371 834 3423 aar
850 3396 890 3406 -
905 3356 1034 3442 scripsit
1048 3377 1106 3443 pro
1121 3371 1178 3424 aar
1193 3393 1235 3404 -

172 3485 223 3548 ael
246 3519 301 3566 -‚
326 3483 392 3548 700
415 3485 549 3568 quicque
572 3480 704 3547 barbare
727 3502 784 3566 pro
809 3483 979 3567 quicquum
1006 3482 1145 3566 positum
1168 3502 1237 3548 mu·

171 3607 263 3690 teuit,
287 3605 349 3671 857
374 3609 543 3672 insatiatus
566 3625 637 3671 eum
661 3605 701 3671 ad
714 3607 843 3701 famem·
853 3604 1041 3671 trahendum
1064 3605 1236 3689 uideretur,

171 3751 270 3814 genus
298 3729 483 3795 femininum
515 3727 633 3811 effecit,
668 3729 750 3794 unde
779 3729 832 3813 qui
861 3729 1011 3794 existeret
1035 3726 1140 3793 hiatus
1164 3748 1236 3794 eum

172 3854 301 3920 sustulit
323 3857 450 3920 tenendi
471 3852 635 3919 scribendo
660 3872 717 3938 pro
741 3853 885 3918 totondi.
925 3853 1100 3938 Abreptum
1131 3851 1236 3918 studio

172 3977 317 4044 mutandi
345 3981 505 4043 auctorem
536 3983 557 4061 β
586 3976 709 4042 saeuire
736 3975 770 4041 in
793 3977 892 4042 uerba
913 3981 1025 4063 poetae
1053 3975 1108 4040 uix
1139 3974 1236 4042 semel

172 4102 347 4168 inueneris:
372 4101 455 4166 iusta
476 4099 660 4185 plerumque
676 4105 724 4164 eet
738 4119 844 4183 eausa,
867 4119 922 4166 our
939 4100 1117 4182 mutauerit,
1140 4119 1234 4183 quarn
