3022 4920
668 412 709 478 47

149 603 201 658 825
239 587 304 654 Hic
329 588 433 675 gladio
455 587 556 656 fidens
579 588 630 655 hic
653 607 725 656 acer
747 593 780 656 et
802 589 920 655 arduus
943 589 1035 655 hasta

238 711 332 778 Inter
355 732 389 778 se
410 712 512 778 multe
534 732 571 778 uc
593 711 700 778 ualida
722 712 755 777 ui
778 711 901 797 proelia
921 712 1066 779 miscent.

237 835 316 901 Non
341 835 386 902 sic
409 835 500 919 nigra
522 841 614 902 sonat
636 855 786 922 percussa
809 835 971 903 securibus
994 836 1069 918 ilex,

236 959 283 1025 Ut
307 960 387 1025 dent
409 960 543 1026 tinnitus
566 959 674 1044 galeae
698 960 853 1046 clipeique
874 960 1039 1028 resultent

237 1083 401 1150 Mirantur
424 1083 548 1169 Franci,
572 1085 654 1170 qued
679 1105 740 1150 non
764 1085 950 1151 lassesceret
972 1084 1064 1152 heros

146 1223 198 1277 830
236 1207 438 1275 Waltharins
462 1211 512 1275 cui
535 1210 623 1277 nulla
645 1209 733 1294 quies
756 1210 936 1295 spatiumne
959 1209 1102 1276 dabatur.

146 1329 148 1335 '
236 1333 370 1400 Emicat
391 1333 442 1398 hic
464 1334 583 1419 inpune
605 1338 721 1419 putans
743 1333 807 1398 iam
832 1333 1060 1400 wormatiensis

238 1457 319 1524 Alte
342 1463 374 1526 et
396 1457 520 1525 sublate
543 1457 707 1540 consurgit
727 1456 868 1523 feruidus
892 1477 966 1523 ense

236 1581 312 1648 Hoc
334 1583 398 1648 ictu
421 1601 599 1648 memorans
623 1587 723 1647 semet
745 1580 835 1646 linire
857 1581 1012 1648 duellnm:

237 1707 399 1773 Pronidus
423 1712 456 1773 et
478 1707 601 1772 iuuenis
623 1705 787 1772 ferientem
812 1706 942 1792 cuspide
965 1706 1078 1772 adacta

147 1846 200 1900 835
237 1831 416 1919 Intercepit
438 1838 470 1900 et
492 1833 636 1915 ignarum
660 1830 819 1896 dimittere
842 1831 962 1896 ferrum

238 1956 392 2040 Cogebet
430 1955 538 2042 procul
561 1956 593 2020 in
618 1953 722 2020 dumis
744 1954 941 2040 resplenduit
963 1957 1057 2022 ensis.

237 2081 304 2147 Hie
326 2081 380 2146 ubi
403 2101 437 2148 se
459 2080 564 2164 gladie
588 2078 756 2165 spoliatum
782 2079 863 2144 uidit
885 2081 995 2162 amice,

239 2205 429 2272 Accelerare
452 2206 560 2288 fugem
583 2203 775 2288 fruticesque
798 2202 925 2269 uolebat
947 2204 1044 2270 adire.

238 2330 433 2417 Alpharides
456 2330 555 2396 fretus
579 2328 710 2414 pedibus
734 2328 891 2413 uiridique
913 2329 1044 2396 iuuenta

150 2469 202 2525 840
239 2455 423 2542 Insequitur
446 2454 570 2520 dicens:
590 2453 738 2538 ‘quonam
761 2453 866 2536 fugis?
890 2455 996 2541 accipe
1020 2459 1153 2521 scutum.

240 2580 297 2646 Sic
320 2580 365 2644 ait
388 2584 482 2663 atque
505 2579 629 2644 hastam
652 2578 798 2644 manibus
821 2577 907 2644 leuat
929 2579 1015 2644 ocius
1039 2578 1140 2645 ambis

215 2704 286 2782 ‚Ee
308 2704 391 2770 ierit.
427 2702 483 2769 llle
506 2703 600 2786 cadit,
624 2701 744 2788 clipeus
768 2703 988 2788 superintonet
1009 2704 1130 2787 ingens.

239 2829 308 2895 Nec
330 2827 437 2894 tardat
458 2827 597 2892 iuuenis:
621 2827 701 2913 pede
724 2826 838 2892 collum
862 2828 980 2913 pressit
1001 2834 1033 2894 et
1055 2828 1147 2895 hasta

239 2951 406 3018 Diuellens
429 2970 574 3036 parmam
597 2949 704 3016 telluri
727 2951 875 3017 infixerat
896 2949 996 3017 illum.

151 3089 203 3145 845
240 3077 314 3162 lpse
338 3075 443 3143 oculos
467 3081 594 3142 uertens
618 3039 754 3140 animam
779 3074 920 3141 suffianit
940 3075 973 3140 in
998 3095 1116 3141 aurem.

152 3294 366 3307 ,ξω-..-

222 3447 277 3502 825
295 3446 330 3500 Hi
350 3445 374 3500 Α
391 3448 395 3513 Ι
411 3445 456 3500 ille
474 3460 537 3500 acer
556 3446 659 3500 Biester
712 3446 765 3500 826
784 3461 817 3500 ac
836 3465 883 3499 om.
903 3446 928 3499 D
947 3451 976 3500 et
994 3445 1039 3501 OB
1093 3447 1145 3502 827
1164 3447 1219 3501 ilex

152 3563 179 3616 p.
193 3566 215 3605 s.
234 3555 315 3607 sonat
333 3551 359 3606 A
413 3553 465 3608 829
483 3550 570 3607 franci
589 3552 614 3605 D
630 3553 635 3619 Ι
651 3550 848 3607 lascesseretO
865 3552 1015 3607 lacesseret
1027 3553 1053 3606 D
1072 3553 1220 3608 lacesceret

153 3652 394 3713 BlaesesseratT
447 3659 499 3713 831
512 3656 653 3727 inpuneA
668 3659 673 3724 Ι
689 3658 939 3712 vuarmaciensisT
994 3659 1047 3712 832
1060 3658 1111 3713 sub
1124 3660 1179 3714 lato
1192 3663 1217 3713 A

154 3759 206 3816 833
224 3763 316 3818 duello
335 3765 407 3828 (ire.
418 3765 470 3834 pr.)
489 3765 512 3819 Β
566 3765 620 3819 835
637 3763 766 3832 Quacum
786 3766 815 3829 (u
827 3783 877 3818 ree.
890 3772 917 3817 tn
930 3764 1031 3830 rapu
1050 3763 1218 3834 ignauum'l’

154 3870 223 3934 quod
240 3876 347 3923 coniecit
364 3869 484 3925 Meriliue
501 3873 564 3924 conl.
577 3891 601 3923 u.
618 3870 685 3924 1298
743 3869 796 3924 837
815 3869 849 3923 Hi
868 3869 894 3923 A
948 3871 1001 3924 839
1017 3877 1076 3942 poet
1094 3869 1218 3938 Alpharl·

155 3968 217 4028 dess
239 3977 324 4030 littera
343 3982 491 4030 insertare.
509 3975 531 4031 O
546 3977 552 4044 Ι
567 3973 654 4030 fretus
671 3975 699 4029 in
717 3974 834 4044 pedibus
853 3976 878 4029 D
932 3977 983 4031 841
1003 3974 1100 4045 ambis]
1118 3974 1217 4045 ipseT

155 4075 208 4132 844
225 4081 365 4158 Etuellens
383 4082 408 4135 D
462 4082 515 4136 845
533 4081 643 4136 occulos
661 4082 687 4136 A
705 4079 817 4150 lauram
838 4082 939 4136 ADBT
957 4081 1079 4138 eurasG
