3036 4914
785 426 897 472 XXXVI

310 592 474 672 praeterea
497 591 696 651 accesserunt
717 592 757 649 'ex
780 585 942 649 hominum
959 603 1103 650 sermone
1122 583 1256 666 uulgari,
1281 603 1369 668 quem

311 713 404 775 antea
426 708 574 775 adhibere
602 708 635 773 in
659 709 786 793 scriptis
810 709 864 792 qui
887 707 1034 777 cultiores
1064 712 1155 774 erant
1180 707 1368 790 refugerunt.

309 833 380 898 Non
415 853 487 898 raro
524 832 607 917 apud
642 833 761 918 priscos
800 837 910 918 poetas
949 832 1088 898 maxime
1126 832 1261 897 comicos
1293 849 1371 916 quae

310 957 436 1022 fueraut
464 957 498 1021 in
526 977 602 1040 usu,
632 961 759 1042 recepta
787 956 891 1022 mdes:
928 960 962 1022 at
989 957 1097 1043 paucis
1126 957 1266 1042 exceptis
1295 975 1372 1039 quae

311 1101 350 1147 ex
374 1081 520 1147 Terentio
543 1079 702 1148 fluxerunt
725 1081 862 1166 plurima
884 1101 941 1166 per
964 1080 1070 1146 omnia
1085 1085 1230 1165 tempora
1251 1078 1372 1161 uulgari

309 1205 344 1270 iu
366 1225 426 1271 usu
448 1205 546 1271 fuisse
569 1211 663 1289 etque
685 1225 769 1272 nunc
792 1204 919 1272 demum
946 1209 1074 1292 recepta
1101 1206 1135 1271 in
1157 1204 1280 1271 litteras
1304 1223 1373 1269 cen-

311 1329 452 1396 sendum.
485 1328 560 1396 Inde
584 1334 736 1415 quantum
760 1330 970 1417 posteriorum
993 1330 1090 1395 immo
1112 1329 1240 1395 infimae
1263 1327 1374 1395 aetatis

311 1459 473 1519 auctorum
509 1474 547 1520 ex
583 1453 710 1539 scriptis
746 1459 948 1538 augmentum
984 1454 1111 1520 accedat
1141 1453 1243 1521 lexico
1276 1453 1373 1520 latino

311 1578 387 1663 quin
417 1578 512 1646 etiam
541 1579 767 1662 grammaticae
796 1579 889 1645 facile
918 1579 1056 1665 perspici
1086 1584 1199 1665 potest.
1247 1577 1316 1656 Qua
1342 1577 1374 1642 in

311 1722 345 1768 re
368 1701 524 1768 tollendus
548 1708 596 1768 est
619 1723 707 1768 error
729 1703 778 1768 cui
801 1709 874 1789 post
897 1703 975 1769 alios
1000 1701 1260 1769 Falckeuheimer
1282 1723 1315 1787 p.
1334 1705 1374 1768 37

311 1826 458 1910 indulsit,
494 1827 548 1911 qui
582 1826 708 1910 linguae
741 1827 897 1894 francicae
927 1826 1062 1910 uestigia
1090 1828 1286 1910 congessisse
1317 1826 1375 1892 sibi

311 1949 486 2016 uidebatur.
519 1949 589 2015 Non
606 1951 688 2017 enim
706 1971 746 2017 ex
761 1952 900 2018 francica
915 1953 1036 2036 origine
1052 1951 1226 2038 repetenda
1240 1951 1375 2017 uocabu-

310 2075 412 2140 lorum
427 2075 552 2158 „senior
564 2075 704 2141 similare
715 2075 876 2142 insinuare
888 2075 1003 2142 causa“
1016 2096 1118 2143 nouae
1134 2096 1214 2160 quae
1229 2074 1376 2142 uidentur

311 2199 471 2282 notiones,
501 2199 556 2265 sed
584 2199 617 2264 in
647 2199 821 2266 francicum
846 2221 884 2266 ex
907 2199 1032 2284 uulgari
1058 2201 1267 2283 transierunt,
1298 2219 1376 2285 quae

311 2323 475 2389 communis
500 2327 569 2389 erat
595 2343 630 2388 eo
660 2327 802 2409 tempore
832 2323 977 2390 omnibus
999 2312 1091 2391 latini
1115 2325 1199 2391 orbis
1221 2324 1374 2410 partibus.

400 2447 597 2532 Quamquam
621 2467 673 2513 ecs
698 2449 879 2532 scriptores,
903 2450 958 2533 qui
980 2449 1097 2515 eisdem
1121 2448 1199 2514 locis
1221 2452 1297 2514 sunt
1311 2448 1375 2513 nati

312 2575 406 2656 atque
432 2570 557 2638 educati
584 2591 647 2636 non
676 2573 859 2654 negauerim
888 2574 1038 2639 conmuni
1067 2573 1202 2657 quodem
1232 2591 1376 2639 sermone

312 2715 373 2780 quo
396 2693 545 2761 differunt
573 2695 612 2760 ab
635 2695 705 2761 aliis
729 2716 802 2762 usos
830 2717 913 2779 esse;
944 2696 1027 2782 quod
1054 2698 1087 2763 ni
1114 2696 1208 2763 fallor
1236 2697 1269 2761 in
1297 2695 1375 2782 ipsis

312 2819 420 2885 Sancti
444 2817 526 2884 Galli
550 2818 713 2905 discipulis
736 2827 885 2906 apparet:
909 2823 974 2888 iam
989 2820 1156 2888 Waltharii
1177 2841 1281 2888 sermo
1306 2841 1375 2888 cum

311 2943 435 3010 casibus
464 2942 571 3010 Sancti
603 2941 686 3010 Galli
714 2944 856 3011 conlatus
888 2946 990 3012 multa
1018 2947 1085 3013 eiua
1115 2947 1161 3012 rei
1190 2945 1376 3013 documenta

311 3064 515 3155 praehabiti.
533 3067 636 3134 Unum
651 3068 829 3135 adscribam
844 3069 957 3137 locum.
978 3069 1094 3138 Noster
1108 3091 1138 3137 u.
1154 3071 1195 3136 15
1211 3069 1376 3137 Gibichoni

312 3240 330 3246 ω
337 3237 525 3246 -u----.-.--.--

384 3328 413 3395 a)
433 3329 570 3397 eulogium
590 3331 696 3398 (dictum
706 3335 835 3406 facetum)
855 3333 916 3401 135,
934 3333 970 3388 40
988 3336 1114 3398 (munero)
1134 3335 1177 3402 93,
1198 3335 1230 3388 19
1260 3333 1376 3390 domnus

312 3443 417 3506 coeptae
457 3434 596 3488 insinuare
624 3437 728 3503 locat
754 3437 813 3506 133,
824 3439 858 3500 26
887 3439 947 3507 139,
960 3439 1003 3494 35.
1017 3439 1052 3494 44
1077 3439 1137 3508 146,
1149 3441 1183 3494 37
1229 3453 1377 3509 persuasus

313 3541 373 3616 106,
383 3540 418 3604 52
454 3539 712 3622 efferiilli109,15
745 3541 902 3600 confortans
923 3545 981 3614 109,
991 3545 1025 3598 31
1057 3536 1187 3614 cuiquam
1202 3543 1297 3604 iubere
1316 3544 1375 3611 124,

302 3636 345 3722 251
376 3660 426 3714 per
437 3645 605 3718 Hadewigae
623 3647 708 3702 uitam
723 3648 808 3702 -sic
826 3649 898 3703 enim
917 3649 1006 3704 iurare
1025 3649 1299 3720 solebant-125‚4
1318 3652 1375 3718 (per

311 3739 977 3824 propriamuitamWalth.165)'senior143‚44
1013 3757 1129 3824 alonge
1149 3757 1209 3826 138,
1222 3756 1255 3810 14
1291 3755 1374 3810 omni-

313 3856 401 3912 modis
419 3858 462 3927 86,
473 3858 507 3912 23
532 3859 591 3928 141,
601 3858 636 3912 41
661 3859 767 3928 142,14
802 3861 934 3928 regirauit
956 3861 1060 3930 1142&
1097 3867 1276 3931 transponere
1293 3861 1374 3930 legio·

300 3965 537 4033 nanosces
584 3964 728 4019 hincinde
750 3965 870 4034 muas
914 3967 938 4020 si
956 3968 1051 4022 uixero
1072 3968 1131 4038 146,
1140 3969 1175 4022 32
1216 3967 1375 4036 appropiare

304 4069 623 4140 mmmmmm
733 4111 735 4116 .
852 4107 854 4114 ·
