3036 4914
822 455 905 502 dxlv

329 614 362 678 in
392 610 582 697 regionibus.
630 613 785 701 Exemplo
814 612 886 681 ficto
909 612 1003 681 liceat
1026 613 1209 697 ostendere,
1239 614 1393 698 quomodo

330 737 407 803 haec
429 758 491 803 non
515 737 599 804 iacta
622 738 748 823 quidem
772 738 846 822 sint,
871 739 926 806 sed
949 739 1073 826 possint
1094 738 1180 805 facta
1202 759 1280 805 esse.
1328 737 1396 803 Sci·
1506 793 1508 802 s

330 883 400 928 mus
430 868 548 947 quanta
576 863 672 929 fuerit
700 863 961 929 monasteriorum
992 863 1037 930 eis
1065 863 1260 950 temporibus
1289 883 1396 928 aemu-

329 986 420 1053 latio:
445 985 625 1071 Mogontiae
647 984 850 1054 Fuldensium
876 988 1031 1074 suspicari
1053 987 1128 1054 licet
1151 994 1183 1054 et
1198 986 1395 1054 Gallensium

328 1113 426 1179 fuisso
455 1112 648 1194 simultatem
684 1113 792 1181 alteris
823 1112 972 1179 nimirum
1001 1113 1082 1179 fauit
1110 1114 1162 1198 qui
1196 1114 1266 1198 ipsc
1295 1110 1396 1177 Fulda

331 1238 487 1310 profectus
515 1244 584 1306 erat
605 1237 869 1322 Erobamboldns‚
902 1238 990 1304 cuius
1020 1237 1143 1320 fidelem
1169 1238 1330 1303 alumnum
1363 1257 1396 1303 se

328 1362 493 1449 profitetur
522 1362 676 1430 Geraldus
704 1383 745 1429 sc.
770 1384 809 1430 ox
839 1362 893 1429 illo
924 1367 1066 1448 tempore
1098 1383 1158 1448 quo
1187 1362 1224 1428 E.
1250 1365 1397 1428 ecclesiae
1507 1351 1508 1354 '

328 1489 497 1554 Fcldeosio
517 1494 587 1555 erat
601 1492 800 1576 dispensator
823 1503 851 1555 et
868 1493 1040 1576 proci80r5
1065 1487 1183 1569 ultoris,
1203 1487 1287 1571 quod
1305 1487 1397 1553 docet

327 1611 510 1679 Ekkehardi
535 1613 725 1699 exemplum,
748 1613 828 1678 fauit
852 1612 960 1680 Aribo.
990 1613 1095 1698 Atque
1119 1612 1170 1678 bic
1197 1611 1297 1678 multo
1323 1617 1415 1677 ante·

329 1758 423 1822 quam
446 1737 499 1803 ille
523 1738 657 1804 decessit
680 1737 897 1821 Mogontinam
928 1738 1035 1804 oedem
1066 1737 1234 1823 aliquando
1249 1757 1292 1803 -se
1316 1756 1394 1802 nan-

328 1868 449 1928 cturum
475 1862 535 1929 sibi
558 1863 762 1949 promiserat:
788 1883 868 1947 quae
886 1883 969 1949 spes,
995 1883 1185 1948 quamquam
1202 1869 1275 1948 post
1291 1861 1393 1930 Willi·

327 1987 429 2070 gisum
465 1993 558 2072 atque
596 1987 862 2054 Ercbamboidum
898 1987 1071 2055 Fuldenses
1109 1987 1229 2054 homini
1268 1986 1394 2052 aliunde
1506 2025 1507 2028 =

300 2113 301 2118 ’
327 2112 458 2178 oriundo
483 2132 520 2178 ca
542 2112 632 2178 sedes
656 2113 762 2179 deberi
788 2113 963 2197 uidebatur,
987 2113 1079 2180 facile
1096 2119 1202 2179 tamen
1220 2111 1393 2178 Aribonem

326 2242 451 2322 poterat
477 2236 597 2304 fallere.
626 2238 761 2305 fortasse
789 2238 853 2304 iam
889 2238 962 2304 nino
991 2236 1223 2304 Ercbamboldo
1255 2259 1294 2303 ex
1323 2237 1393 2322 ipso

326 2360 379 2426 illo
403 2360 536 2427 timebat
559 2363 612 2446 qui
637 2367 709 2448 post
731 2383 802 2428 eum
832 2363 961 2450 praesul
989 2364 1091 2431 factus
1122 2367 1183 2429 est:
1203 2361 1393 2428 *Bardonem

326 2485 395 2550 dico
424 2485 612 2552 Fuldensem
643 2486 867 2555 Ercbamboldi
894 2487 1094 2575 discipulum.
1134 2487 1337 2574 imperatoris
1366 2486 1392 2550 is

325 2615 420 2694 atque
453 2611 665 2697 imperatricis
699 2613 840 2679 fauorem
876 2613 936 2680 sibi
971 2618 1141 2699 parauerat
1175 2611 1391 2695 modestiaque

325 2735 448 2803 celabat
471 2736 610 2802 animum
635 2737 700 2802 alta
723 2741 898 2823 petentem3
923 2738 991 2824 ipse
1015 2736 1086 2823 plus
1103 2735 1201 2803 semei
1224 2736 1283 2802 sibi
1301 2754 1391 2821 prae

325 2860 443 2926 dixisse
467 2881 536 2927 eum
568 2860 718 2927 honorem
748 2862 857 2928 fertur.
898 2861 945 2928 Ne
973 2867 1046 2950 post
1073 2861 1236 2928 decessum
1265 2860 1389 2945 quidam

324 2985 548 3053 Erchamboldi
582 3006 652 3052 cum
687 2987 880 3054 ascendisset
914 2987 1012 3054 Aribo
1048 2987 1278 3054 controuersias
1314 2987 1390 3052 istas

325 3111 483 3195 quieuisse
510 3115 645 3178 testatur
674 3112 830 3179 acerbitas
867 3133 929 3198 qna
952 3111 1129 3179 Bardonem
1154 3117 1229 3178 tunc
1252 3110 1388 3178 Hersiel-

325 3236 468 3302 densium
493 3241 586 3321 atque
609 3235 829 3303 Werdensium
856 3238 1002 3305 abbatem
1027 3233 1192 3323 excepit*).
1226 3236 1312 3303 Inter
1335 3237 1388 3302 has

325 3366 357 3427 et
390 3361 587 3428 dominorum
626 3370 658 3428 et
693 3362 917 3430 monachorum
953 3363 1085 3429 dissidia
1120 3362 1147 3428 si
1181 3361 1388 3428 Ekkehurdns
1499 3417 1501 3462 ;

325 3484 534 3553 Waltharinm
558 3486 667 3569 edidit,
693 3488 770 3571 quid
792 3489 908 3554 mirum
933 3489 959 3556 si
976 3510 1015 3555 ex
1030 3487 1387 3572 Fuldensiumnumero
1499 3465 1500 3472 ἵ

325 3615 393 3676 erat
415 3610 469 3696 qui
492 3629 563 3676 cnm
590 3611 744 3679 indicaret
772 3613 884 3680 melius
906 3614 938 3679 id
963 3619 995 3680 et
1017 3614 1157 3700 potuisse
1180 3612 1335 3699 praestari
1358 3616 1387 3676 et
1500 3695 1501 3705 ἵ

319 3735 479 3819 debuisse,
503 3740 570 3801 tum
593 3737 661 3822 ipse
685 3745 848 3823 praestare
871 3743 1038 3804 conaretur
1060 3759 1121 3824 quo
1145 3757 1218 3804 suos
1246 3736 1385 3824 superbis

323 3857 371 3926 Sti
395 3857 478 3925 Galli
500 3859 635 3927 alumnis
658 3881 723 3928 non
745 3883 814 3930 esse
836 3863 1001 3930 inferiores
1024 3863 1213 3932 ostenderet.

394 4122 423 4188 t)
441 4121 476 4178 cf.
489 4124 638 4183 monachus
657 4125 807 4182 Fuldensis-
820 4143 847 4196 p.
861 4127 922 4182 533.
