3022 4920
735 453 857 517 ’28

304 649 357 703 466
395 633 490 715 Quae,
515 632 587 696 dum
612 631 765 698 ceruicem
789 631 915 716 sonipes
939 630 1124 696 discusserit
1148 629 1254 712 altam,

393 756 498 840 Atque
521 755 657 841 superba
680 756 768 841 cupit
789 754 965 838 glomcrsre
988 753 1151 820 uolumina
1170 773 1307 835 crurum,

393 881 479 947 Dant
502 881 650 963 sonitum,
674 899 731 946 ceu
754 880 824 964 quis
848 880 981 962 gemmis
1004 877 1130 944 illiserit
1152 898 1272 944 aurum.

393 1005 452 1072 Hic
475 1004 553 1070 mihi
577 1009 758 1090 praesentes
781 1004 911 1070 dederat
934 1023 991 1089 pro
1015 1023 1146 1070 munere
1169 999 1291 1089 pisces?

437 1129 494 1194 His
519 1129 650 1212 Hagano
675 1127 801 1211 auditis,
819 1127 865 1193 ad
888 1148 1029 1194 mensam
1054 1128 1171 1213 quippe
1193 1127 1318 1207 resedit,

303 1270 356 1325 465
393 1253 520 1320 Laetior
543 1255 576 1319 in
599 1253 738 1319 medium
762 1253 919 1339 prompsit
941 1252 980 1318 de
1002 1257 1129 1338 pectore
1153 1251 1299 1318 uerbum:

387 1377 600 1461 ‘Congaudete
623 1378 700 1443 mihi
725 1397 850 1462 quaeso,
875 1377 949 1461 quia
971 1376 1049 1441 talia
1072 1376 1160 1442 noui:

392 1502 584 1570 Waltharius
608 1500 727 1584 collega
749 1521 837 1568 meus
861 1501 1015 1566 remeauit
1037 1501 1076 1566 ab
1100 1498 1223 1568 Hunis?

391 1626 588 1693 Uociferatur
611 1631 643 1692 ct
666 1627 767 1691 omnis
792 1627 821 1691 ei
843 1645 917 1691 mox
941 1624 1014 1690 aula
1036 1624 1196 1691 reclamat.

391 1751 583 1836 Guntharius
608 1751 754 1836 princeps
778 1770 816 1815 ex
840 1749 899 1816 hac
922 1751 1043 1815 ratione
1067 1749 1235 1834 superbus:

301 1891 354 1945 476
385 1875 599 1959 ‘Congaudete
622 1875 700 1940 milri
722 1875 826 1958 iubeo,
850 1875 925 1958 quia
947 1874 1025 1940 talia
1047 1873 1123 1939 uixi.
1205 1874 1208 1878 ’

391 1999 508 2066 Gazam
534 2021 627 2084 quam
652 1998 783 2064 Gibicho
807 1998 874 2083 regi
896 1998 1074 2064 transmisit
1096 2019 1162 2082 eoo,

389 2125 480 2191 Hanc
503 2145 586 2190 nunc
609 2124 826 2209 cunctipotens
849 2124 910 2191 lruc
931 2126 964 2190 in
988 2144 1060 2191 mea
1077 2143 1174 2206 regna
1196 2121 1335 2190 remisit?

389 2249 476 2315 Haec
500 2251 599 2316 citet
622 2269 761 2315 mensam
786 2249 865 2334 pede
889 2249 1024 2336 perculit
1046 2246 1240 2334 exiliensque

390 2373 514 2439 Ducere
537 2394 651 2457 equum
675 2373 763 2439 iubet
786 2379 817 2441 et
840 2373 917 2440 sella
940 2365 1124 2460 conponere
1140 2373 1263 2460 sculpta

300 2513 353 2568 475
390 2498 496 2584 Atque
520 2499 605 2563 omni
629 2498 667 2564 de
689 2497 782 2584 plebe
805 2500 890 2565 uiros
914 2519 1019 2566 secum
1044 2499 1204 2566 duodenos

389 2622 517 2716 Uiribus
539 2623 689 2706 insignes,
715 2623 828 2689 animis
852 2624 1037 2710 plerumque
1061 2623 1208 2710 probatos

389 2745 533 2830 Legerat.
569 2747 652 2812 inter
675 2767 752 2831 quos
775 2747 869 2814 simul
892 2750 939 2815 ire
961 2749 1136 2831 Haganuna
1157 2748 1314 2815 iubebat*

300 2888 510 2896 ——-..——--

370 2955 423 3009 460
447 2954 615 3011 discusserat
636 2957 659 3011 B
683 2958 688 3021 Ι
710 2958 808 3012 altaD
880 2959 932 3013 461
956 2957 994 3012 At
1017 2957 1035 3012 b
1059 2961 1064 3024 Ι
1088 2956 1154 3012 furit
1178 2958 1190 3011 l
1215 2960 1220 3025 Ι
1245 2959 1360 3013 currui

298 3061 351 3116 462
369 3062 523 3130 geminisA
576 3063 629 3118 464
642 3062 744 3117 resedit
757 3073 783 3116 ia
796 3083 849 3118 ras.
861 3064 937 3136 pass
992 3064 1044 3119 465
1063 3064 1210 3133 promsitO
1258 3065 1311 3120 466
1330 3065 1358 3120 C.

298 3182 406 3222 mecum
425 3168 438 3222 1
497 3169 550 3223 468
567 3177 627 3240 post
644 3170 697 3224 469
716 3178 742 3224 in
760 3169 835 3224 ΗΒΤ
857 3174 861 3235 Ι
882 3170 1030 3224 undharius
1049 3174 1077 3224 et
1095 3171 1228 3225 omnis...
1253 3169 1359 3226 Vocif-

298 3278 375 3327 ratnr
387 3281 456 3344 etos.
470 3272 487 3327 b
501 3273 535 3339 (7)
589 3275 642 3328 469
655 3275 827 3330 Oundharius
840 3275 883 3330 Hb
901 3278 938 3344 (ιή
951 3278 998 3331 lece
1011 3275 1033 3331 Ο
1046 3279 1244 3340 idmonendus,
1263 3297 1314 3332 nou
1327 3277 1358 3346 G,

297 3387 325 3434 at
343 3380 416 3433 docet
432 3401 457 3432 u.
475 3380 538 3443 513)
610 3381 663 3435 470
681 3395 767 3448 queso
790 3382 814 3435 Τ
834 3385 839 3449 Ι
859 3382 927 3450 uixi]
950 3383 1014 3437 noui
1034 3381 1102 3437 DBb
1126 3391 1155 3436 in
1172 3383 1198 3437 Η
1216 3384 1282 3439 talia
1305 3405 1358 3438 cunr

297 3503 359 3540 uoce
378 3491 517 3556 insequenti
535 3487 610 3538 deest.
628 3486 694 3540 talia
712 3486 768 3540 uidi
787 3491 828 3541 uel
841 3487 875 3542 ad
894 3488 961 3542 talia
979 3488 1034 3542 uixi
1053 3489 1222 3562 Rerffenbeqp
1238 3464 1302 3544 'uici
1321 3493 1357 3558 (.ι’.

296 3595 410 3646 lucratus
427 3591 496 3658 sam)
515 3591 632 3657 Blesum·
652 3611 697 3663 epo
716 3595 854 3664 aliquando
873 3593 934 3647 uisi.
992 3594 1043 3649 471
1063 3593 1199 3665 gybichus
1216 3595 1242 3649 H
1269 3595 1358 3664 gibico

297 3696 319 3750 B
373 3696 425 3750 472
443 3695 522 3750 Hanc
541 3697 623 3765 nunc]
648 3697 691 3753 Hc
707 3696 741 3752 n‘e
759 3698 785 3751 A
813 3697 847 3755 hc
864 3696 938 3754 mc
965 3699 1043 3754 Hanc
1061 3699 1126 3754 milri
1144 3700 1170 3754 H
1197 3701 1276 3756 Nunc
1295 3700 1357 3756 milri

296 3802 357 3856 BTl
385 3801 463 3855 Hanc
482 3801 550 3856 deus
569 3803 741 3872 omnipotens
754 3804 780 3857 D
809 3803 813 3810 '
834 3804 887 3859 473
904 3807 1017 3875 pertulit
1034 3827 1068 3860 on
1087 3807 1201 3876 perculit
1219 3806 1357 3861 duliumO

295 3908 348 3963 474
371 3907 466 3961 sellam
491 3923 514 3962 c.
534 3909 667 3978 sculptum
692 3910 743 3963 DH
765 3912 770 3977 Ι
792 3925 946 3980 conponere
970 3913 996 3966 A
1048 3913 1101 3967 476
1125 3914 1161 3982 pl.
1181 3912 1309 3968 robustos
1332 3913 1355 3967 D

294 4014 346 4069 477
366 4014 446 4069 simul
466 4018 493 4068 et
511 4013 573 4083 hag.
593 4015 615 4069 B
632 4018 637 4083 Ι
658 4016 811 4085 Haganoua
828 4016 867 4071 ire
886 4018 898 4072 1
923 4017 1092 4087 haganonem
1112 4020 1136 4073 Τ
1163 4021 1314 4090 Haganone
1332 4019 1355 4075 H

263 4179 266 4181 ,
294 4120 421 4208 haganon
438 4119 456 4188 b
472 4121 477 4186 Ι
493 4117 614 4177 audebat
631 4120 650 4177 b
