3022 4920
792 429 836 492 40

370 609 461 674 Nunc
484 614 539 673 aut
561 609 750 673 commoriar
773 606 824 673 uel
848 626 955 672 carum
979 605 1113 672 ulciscar
1137 603 1296 671 amicum.³

370 733 513 816 Namque
538 736 672 814 angusta
694 731 755 797 loci
778 731 879 797 solum
903 749 1088 796 concurrere
1113 727 1171 795 soli

371 858 532 942 Cogebant
554 876 613 922 neo
636 857 800 940 quisquam
828 855 881 921 alii
905 874 1087 921 succurrere
1111 853 1222 938 quiuit.

369 982 509 1058 Aduolat
531 980 642 1047 infelix
667 979 900 1045 Soaramundus
924 980 988 1046 iam
1011 981 1183 1046 moriturus

280 1123 333 1176 695
369 1106 450 1172 Bina
471 1126 567 1172 manu
590 1105 655 1171 lato
678 1106 822 1190 crispans
846 1104 974 1170 hastilia
995 1105 1089 1170 ferro.

369 1230 525 1309 Quidum
550 1227 755 1296 Waltharium
781 1228 866 1293 nullo
890 1234 1010 1294 terrore
1034 1229 1156 1294 uideret
1207 1322 1209 1326 v

370 1355 550 1422 Permotum
574 1353 735 1437 fixumque
758 1353 826 1418 loco
850 1353 1021 1443 consistere
1045 1353 1077 1418 in
1102 1353 1183 1438 ipso,

372 1479 423 1545 Sic
449 1480 494 1544 ait
515 1478 698 1544 infrendens
723 1483 754 1544 et
777 1478 922 1561 equinam
947 1477 1066 1543 uertice
1089 1476 1220 1542 candem

371 1604 575 1670 Concutiens:
594 1602 639 1667 ‘in
664 1623 724 1686 quo
749 1601 839 1666 fidis?
863 1601 913 1666 uel
938 1621 1018 1684 quae
1041 1607 1097 1666 tna
1120 1621 1192 1686 spes
1216 1599 1284 1666 est?

286 1745 338 1798 700
373 1727 444 1794 Non
468 1747 524 1810 ego
548 1727 611 1790 iam
635 1746 747 1808 gazam
771 1724 821 1791 uel
844 1746 951 1790 rerum
975 1727 1108 1810 quicque
1131 1731 1257 1790 tuarum

371 1853 509 1938 Appen,
533 1851 587 1916 sed
612 1851 709 1916 uitam
735 1852 860 1933 cognati
885 1871 1001 1934 quaero
1024 1846 1216 1936 perempti'.

371 1976 427 2043 llle
451 1977 578 2043 dehine:
604 1977 644 2041 ‘si
668 1975 847 2057 conuincar,
872 1975 954 2059 quod
980 1974 1099 2060 proelia
1122 1975 1243 2060 primus

371 2101 566 2187 Temptarim
590 2121 645 2167 seu
669 2099 744 2184 quid
768 2099 879 2182 merui,
904 2099 986 2184 quod
1011 2099 1088 2166 talia
1110 2099 1229 2186 possim

371 2225 448 2293 dure
472 2227 549 2312 pati,
574 2226 692 2310 absque
715 2243 804 2289 mora
824 2229 880 2288 tua
903 2243 954 2290 me
977 2225 1212 2291 transuerberat
1234 2224 1339 2291 hasta

284 2366 335 2420 705
371 2350 510 2416 Necdum
535 2371 712 2416 sermonem
736 2347 943 2432 concluserat,
967 2370 1005 2415 en
1031 2349 1262 2416 Scaramundus

374 2473 478 2539 Unum
503 2475 540 2540 de
564 2475 647 2541 binis
671 2474 783 2540 hastile
806 2475 935 2539 retorsit
957 2475 989 2539 in
1012 2474 1101 2558 illum

377 2599 611 2682 Confestimque
635 2599 729 2664 aliud.
764 2620 896 2683 quorum
921 2598 1143 2665 celeberrimus
1167 2599 1257 2664 heros

372 2723 476 2789 Unum
500 2723 630 2805 reuirat,
654 2725 757 2808 quatit
780 2745 818 2790 ex
842 2725 977 2790 umbone
1000 2723 1182 2790 secundum.

375 2848 462 2914 Tunc
485 2848 581 2915 aciem
607 2847 703 2931 gladii
727 2853 874 2935 promens
899 2847 1131 2915 Scaramundus
1156 2849 1238 2913 acuti

286 2988 338 3041 710
374 2970 501 3037 Proruit
523 2973 555 3038 11
579 2974 724 3040 iuuenem
750 2973 879 3058 cupiens
903 2973 1123 3058 praescindere
1146 2974 1292 3055 frontem,

373 3097 555 3183 Effrenique
578 3099 610 3162 11
636 3119 714 3182 equo
739 3097 868 3183 propius
893 3096 1040 3163 deuectus
1064 3099 1102 3163 ad
1126 3097 1214 3163 illum

375 3222 446 3287 Non
468 3223 570 3288 ualuit
592 3223 689 3307 capiti
711 3222 860 3288 libratum
884 3219 1036 3288 infindere
1059 3221 1184 3288 uulnus.

377 3346 438 3412 Sed
463 3347 610 3432 capulum
634 3346 741 3429 galeae
764 3347 900 3432 inpegit:
926 3346 1013 3413 dedit
1034 3345 1091 3412 illa
1112 3347 1269 3414 resultans

358 3577 409 3631 691
429 3580 477 3631 aut
495 3591 518 3631 c.
537 3579 586 3632 aut
604 3590 627 3629 c.
646 3575 672 3628 D
688 3575 693 3641 1
709 3572 863 3628 charumT
923 3575 976 3630 693
995 3576 1073 3646 quisq
1093 3576 1119 3629 D
1173 3576 1306 3631 6951axo
1327 3577 1354 3631 D

288 3680 340 3736 696
353 3681 513 3737 Walterium
532 3683 559 3737 A
613 3683 665 3736 699
683 3695 755 3750 quaa
774 3703 795 3735 ω
822 3681 888 3751 quid
903 3681 1007 3736 Flecte
1060 3683 1113 3737 700
1131 3697 1182 3736 nec
1200 3697 1291 3736 rerum
1309 3688 1352 3754 γΙ

288 3788 406 3858 quicque
424 3787 449 3841 A
471 3790 475 3856 Ι
497 3789 557 3844 Non
581 3804 634 3858 ego
658 3804 730 3843 nunc
748 3792 845 3858 gazam
865 3789 1012 3858 quicquam
1036 3803 1180 3856 remmque
1199 3792 1307 3842 tuarum
1327 3789 1354 3843 D

290 3896 342 3950 702
355 3894 503 3948 conuincas
516 3895 541 3948 D
596 3897 648 3950 703
667 3910 715 3951 seu
729 3895 795 3965 quid
809 3896 851 3949 αΤ
870 3911 919 3949 seu
932 3894 1006 3964 quod
1015 3895 1065 3949 DB
1084 3910 1132 3950 seu
1145 3910 1199 3965 quo
1214 3895 1333 3949 Idrimm
1348 3896 1353 3961 Ι

288 4003 361 4070 quod
380 3999 409 4066 (d
423 3999 522 4067 inttA
576 4003 628 4055 704
646 4001 721 4056 hasta
739 4003 791 4072 (pr.
804 4001 889 4067 aa.)A
943 4003 995 4056 705
1014 4002 1071 4056 Nec
1089 4000 1197 4055 dumB
1224 4000 1354 4057 Nondum

289 4107 314 4162 n
330 4109 335 4174 ι
351 4107 537 4177 compleuerat
555 4091 573 4160 a
627 4109 679 4162 710
696 4107 871 4178 proscindere
890 4108 912 4161 o
968 4109 1019 4163 ua
1038 4108 1143 4177 inpegit
1160 4107 1185 4161 A
1202 4109 1207 4174 ι
1223 4107 1261 4162 nu
1278 4107 1305 4161 A
