3036 4914
647 465 710 510 XIX

144 642 334 706 censumque
361 621 467 686 subdu
495 625 640 708 uepauc’t,
671 626 707 687 nt
738 625 787 686 est
813 642 843 685 u.
868 623 948 687 118:
983 623 1042 688 hoc
1072 621 1213 704 neglecto
1250 720 1254 726 ⁶

142 741 192 806 illi
222 749 361 830 suspecti
373 742 571 827 'effecerunt
607 744 691 829 quod
724 745 750 810 si
786 751 894 811 auctor
925 745 994 831 ipse
1024 747 1213 831 scripsisset,

141 867 287 952 profecto
317 869 449 952 quisque
476 867 687 935 intellexisset
715 889 816 954 neque
843 870 877 934 in
906 875 1042 936 mentem
1068 871 1212 953 cuiquam

141 991 287 1057 uenisset
309 997 443 1058 mutare.
861 981 864 986 ’

233 1116 355 1182 Auctor
384 1117 532 1182 carminis
561 1136 767 1202 personarum
793 1119 924 1183 nomina
946 1118 1064 1184 latinae
1088 1119 1213 1202 linguae

140 1239 267 1323 legibus
291 1246 328 1307 ut
350 1241 615 1324 accommodaret,
646 1261 709 1306 non
737 1246 802 1306 tam
832 1242 865 1306 in
895 1243 1089 1308 nominatius
1120 1247 1213 1327 atque

140 1365 302 1448 necetius,
328 1385 421 1448 quam
445 1366 478 1430 in
502 1365 626 1432 casibus
650 1365 796 1449 obliquis,
821 1387 898 1450 quus
922 1372 1029 1432 tamen
1052 1367 1106 1432 ubi
1125 1371 1213 1452 pote-

139 1494 192 1554 rat
217 1489 361 1572 enitauit,
386 1489 543 1556 studuisse
566 1489 707 1555 uidetur:
737 1491 804 1555 iure
828 1490 998 1556 uiolentius
1022 1491 1116 1556 etiam
1142 1511 1213 1556 uer·

140 1618 232 1679 satus
265 1618 313 1678 est
348 1613 445 1678 semel
478 1615 512 1679 in
546 1614 648 1680 forma
675 1613 775 1680 latina
807 1615 1026 1681 constituenda
1054 1615 1086 1679 ni
1120 1614 1213 1680 fallor
1245 1664 1249 1672 .

141 1743 245 1803 metro
269 1742 412 1804 coactus:
441 1758 516 1804 narn
546 1739 600 1822 qui
629 1745 677 1804 est
704 1741 833 1804 Elector
862 1759 934 1805 eum
959 1739 997 1804 ab
1021 1736 1213 1824 Ἐλεύθερος

141 1861 312 1929 deduxisse
342 1864 499 1948 suspicor,
528 1861 714 1927 Lotharium
744 1862 798 1927 alii
827 1862 1072 1930 transtulerunt:
1102 1863 1211 1929 eadem

140 1988 331 2054 necessitate
355 1992 517 2054 conmotus
541 2006 613 2052 cum
636 1987 752 2070 ubique
770 1989 980 2053 Woltkorium
1007 1988 1097 2054 breui
1125 1994 1211 2054 ante-

141 2111 341 2196 paennltima
364 2116 549 2198 usurpasset
578 2111 688 2189 (semel
714 2112 896 2195 Wolrbere),
926 2117 1032 2178 tamen
1057 2110 1214 2176 Waltbcrc'

143 2237 325 2302 uocatiuum
343 2236 438 2319 longa
461 2257 479 2301 a
502 2236 627 2302 extulit.
653 2235 787 2321 Scripsit
802 2241 919 2319 tamen,
936 2257 976 2302 ne
992 2237 1076 2302 intra
1093 2255 1210 2322 paucos
1289 2303 1291 2309 ,

143 2381 255 2426 uersus
279 2365 345 2426 tam
365 2361 503 2428 diuersis
532 2361 669 2426 nominis
699 2361 809 2426 formis
839 2366 980 2426 uteretur
1008 2361 1153 2448 Tropaea
1180 2365 1212 2426 et

142 2485 341 2552 nominatiuo
365 2491 397 2552 et
424 2487 614 2552 accusatiuo.
653 2485 850 2570 Displicebat
877 2485 955 2550 haec
989 2485 1210 2567 inconstantia,

141 2607 241 2691 igitur
264 2630 327 2675 non
352 2612 565 2678 accusatiuum
589 2615 712 2676 tantum
739 2611 880 2698 Tropaea
901 2615 1125 2695 reposuerunt,
1156 2609 1210 2674 sed
1341 2654 1345 2662 ·

141 2733 358 2800 nominatiuus
382 2755 506 2821 quoque
528 2735 561 2802 in
586 2735 730 2802 omnibus
754 2734 844 2800 libris
872 2733 924 2800 uel
952 2733 1074 2819 primae
1103 2753 1210 2799 recen-

141 2858 241 2924 sionis
266 2859 379 2926 uitiose
402 2860 518 2943 legitur
538 2861 670 2948 Tropus.
707 2859 783 2925 Item
809 2879 872 2924 non
895 2859 1004 2924 dubito
1029 2860 1105 2942 quin
1128 2858 1211 2944 quod

142 2982 207 3048 629
238 2984 399 3070 Apolline
427 2985 555 3070 scripsit
582 2990 603 3068 β
631 3004 689 3068 pro
717 2984 863 3048 uocatiuo
893 2982 1031 3048 uoluerit
1058 2982 1209 3066 intellegi,

141 3126 212 3174 oum
243 3109 425 3196 Hupotbicc
454 3107 667 3174 accusatiuum
698 3126 767 3174 esse
795 3128 858 3172 non
888 3106 1107 3173 intellexisset.
1144 3105 1210 3192 Ipsi

141 3237 247 3298 tamen
278 3253 370 3317 quem
406 3234 602 3299 nominatiuo
632 3234 850 3298 Huduwartus
885 3235 993 3299 noster
1023 3231 1104 3296 dixit
1133 3231 1208 3315 782,

141 3357 236 3444 paulo
265 3365 339 3444 post
366 3359 430 3423 789
453 3357 633 3424 Haduwart
662 3357 850 3444 extulerunt.
888 3355 999 3442 Neque
1026 3355 1076 3422 his
1105 3361 1208 3422 muta·

140 3483 280 3549 tionibus
311 3484 448 3549 contenti
478 3483 557 3574 ipsis
586 3483 729 3567 personis
753 3481 816 3547 alia
843 3480 1042 3547 contulerunt
1064 3481 1207 3546 nomina:
1254 3515 1260 3528 ·

140 3627 234 3692 quem
262 3609 400 3692 Ekefrid
429 3606 603 3692 appellauit
631 3611 755 3689 auctor,
791 3607 910 3672 Eberilt
937 3612 973 3690 p,
1009 3604 1089 3670 alius
1121 3605 1207 3670 tertii

140 3733 260 3798 ordinis
284 3731 381 3797 codex
407 3731 432 3796 T
455 3733 591 3817 melec
616 3731 708 3812 dicit3
741 3731 976 3796 Wrr'mltorduut
998 3755 1028 3812 y,
1059 3729 1112 3812 qui
1140 3730 1208 3795 sine

139 3856 235 3924 dubio
251 3858 474 3922 Ewcrburdca
496 3855 547 3922 uel
563 3857 782 3922 morturdus
806 3860 874 3920 erat
896 3853 1026 3936 auctori,
1049 3854 1209 3918 Helmcod

139 3979 224 4048 idem
249 3981 303 4064 qui
326 3982 496 4063 Heimcod,
521 3981 656 4047 Putcua‘lt
678 3987 699 4065 β
723 3979 777 4064 qui
799 3982 977 4057 Paracata
1004 3979 1208 4042 wiclucda'anc

139 4105 290 4172 fabricam
315 4131 345 4188 y,
370 4107 462 4189 quain
487 4107 678 4170 medandicum
701 4109 803 4189 poeta.

937 4222 981 4278 be
