3036 4914
804 431 848 496 20

382 610 476 676 lllicit
500 610 539 675 ad
562 609 709 674 haustum
733 607 852 692 species
877 604 1068 689 dulcedoque
1091 608 1194 689 potus,

381 732 573 800 Waltharius
597 738 724 798 cunctos
748 731 788 796 ad
811 730 919 796 uinum
942 729 1088 794 hortatur
1111 731 1142 792 et
1164 745 1261 791 escas.
1333 755 1334 758 ¹

361 904 364 908 -
426 856 597 942 Postquam
613 856 714 942 epulis
727 854 894 940 absumpta
907 854 994 938 quies
1007 870 1194 935 mensaeque
1206 851 1361 930 remotae,

293 998 346 1052 305
383 982 484 1048 Heros
508 983 572 1047 iam
596 980 697 1054 dictus
722 979 882 1045 dominum
905 977 1060 1044 laetanter
1084 975 1214 1042 adorsus

382 1107 502 1192 lnquit:
521 1106 566 1171 ‘in
590 1105 649 1171 hoc
671 1105 773 1188 rogito
797 1104 949 1170 clarescat
971 1102 1075 1186 gratia
1096 1104 1213 1182 uestra,

381 1232 424 1296 Ut
446 1252 503 1297 uos
525 1230 671 1315 inprimis
695 1229 831 1313 reliquos
855 1247 939 1294 nunc
961 1219 1160 1293 laetificetis?

349 1399 353 1404 =
381 1356 424 1422 Et
447 1355 541 1422 simul
563 1355 596 1420 in
620 1353 716 1420 uerbo
740 1373 878 1439 nappam
901 1352 989 1418 dedit
1011 1355 1079 1417 arte
1102 1351 1261 1436 peractam

382 1481 499 1546 Ordine
523 1473 714 1564 sculpturae‘
725 1477 913 1544 referentem
937 1481 1026 1559 gesta
1049 1477 1200 1564 priorum,

293 1621 346 1674 310
384 1603 483 1682 Quam
508 1624 564 1668 ren
588 1602 745 1687 accipiens
768 1601 882 1666 haustu
906 1607 1096 1666 uacuanerat
1117 1624 1180 1669 nno

383 1728 616 1811 Confestimque
639 1726 727 1792 iubet
748 1725 884 1810 reliquos
908 1725 1062 1791 imitarier
1085 1747 1202 1794 omnes.
1304 1737 1306 1744 ’

383 1854 476 1920 Ocius
501 1856 667 1917 aecurrunt
688 1851 857 1935 pincernae
881 1869 1016 1933 moxque
1038 1858 1214 1936 recurrunt,
1277 1869 1279 1872 ·

383 1976 499 2043 Pocula
522 1975 615 2061 plena
639 1975 756 2040 dabant
779 1980 811 2038 et
832 1974 941 2038 inania
964 1974 1187 2060 suscipiebant,

300 2129 302 2133 ·
382 2101 525 2187 Hospitis
549 2120 585 2164 ac
608 2099 691 2182 regis
715 2104 837 2165 certant
859 2097 1035 2164 hortatibus
1059 2120 1177 2168 omnes,

281 2244 346 2309 ‚315
384 2227 530 2292 Ebrietas
553 2225 679 2289 feruens
704 2228 770 2288 tota
793 2222 972 2288 dominatur
995 2224 1134 2308 inania,

383 2350 539 2416 Balbuttit
562 2346 857 2412 madido'facundia
880 2347 952 2412 fusa
973 2347 1090 2433 palato,

383 2474 504 2540 Heroas
528 2471 648 2537 ualidos
673 2471 790 2557 plantis
813 2471 949 2537 titubare
972 2471 1105 2538 uideres.

383 2598 502 2664 Taliter
525 2599 558 2662 in
583 2617 684 2662 seram
710 2596 859 2682 produxit
882 2595 1013 2661 bachica
1035 2602 1160 2663 noctem

336 2717 339 2725 ‘
383 2722 515 2788 Munera
537 2720 729 2788 Waltharius
753 2719 947 2804 retrahitque
969 2720 1072 2788 redire
1096 2721 1254 2802 nolentes3

295 2864 348 2918 320
386 2847 493 2913 Donec
515 2847 548 2910 ui
572 2850 664 2930 potus
687 2841 985 2930 pressi'somnoque
1008 2847 1131 2928 grauati

384 2971 505 3037 Passim
530 2969 700 3055 porticibus
724 2973 907 3034 sternuntur
929 2967 1117 3036 humotenus
1142 2990 1260 3038 omnes.

366 3252 418 3305 303
437 3265 527 3305 escam
548 3250 622 3303 HBT
676 3250 728 3304 304
746 3251 866 3318 Postque
879 3250 927 3305 00
943 3253 948 3318 l
964 3251 1059 3321 epulas
1075 3251 1272 3323 assumptaDl
1291 3253 1320 3307 P.
1335 3268 1359 3307 e.

296 3357 410 3426 depulsa
428 3355 514 3410 fames
528 3355 689 3424 sublataque
703 3371 798 3410 mensa
816 3353 873 3429 Hyl
927 3357 979 3412 305
998 3357 1102 3413 dictisl
1119 3362 1123 3422 Ι
1139 3357 1252 3436 adortus
1268 3357 1361 3413 Molter

296 3464 348 3517 306
367 3462 465 3531 inquid
489 3461 514 3515 Α
536 3461 540 3530 Ι
562 3461 614 3516 hoc
630 3463 717 3530 regno
741 3462 807 3529 031
829 3463 954 3517 clarescit
977 3463 989 3516 l
1011 3473 1016 3482 '
1043 3464 1095 3517 307
1119 3463 1148 3517 in
1169 3463 1265 3532 primis
1284 3463 1333 3516 ΗΒ
1355 3463 1359 3533 l

296 3574 398 3640 tnney
469 3569 522 3622 308
541 3573 665 3638 paratam
685 3568 778 3633 Molter
849 3570 900 3622 311
920 3569 1036 3622 iuuetB
1100 3569 1153 3624 312
1171 3573 1317 3623 occurrunt
1335 3569 1362 3623 D

296 3675 349 3728 316
362 3673 496 3728 Balbuttit
506 3673 531 3727 A
543 3673 676 3729 Balbutiit
686 3674 707 3729 0
719 3672 852 3754 Palbuttit
865 3675 889 3726 D
906 3676 911 3742 Ι
927 3673 1017 3728 medio
1028 3675 1051 3728 B
1100 3674 1153 3728 318
1165 3672 1280 3730 bachica
1292 3674 1362 3728 aD'l'

296 3779 426 3834 bacchica
449 3775 498 3834 ΗΒ
571 3781 623 3836 319
649 3780 737 3834 redire
760 3799 808 3834 om.
828 3779 853 3834 A
878 3787 882 3842 Ι
907 3779 1074 3849 retrahitque
1097 3780 1185 3835 redire
1209 3780 1318 3836 uideres
1338 3781 1362 3834 B

298 3892 410 3941 cunctos
426 3886 580 3956 retrahique
599 3887 707 3941 uideres
725 3887 750 3940 T
804 3887 857 3940 320
875 3886 954 3941 deest
971 3887 1010 3940 D:
1030 3889 1099 3958 quod
1116 3909 1140 3942 a.
1153 3887 1205 3941 319
1217 3888 1363 3941 desiderari

297 4002 324 4046 in
342 3991 364 4046 G
383 4001 421 4047 ait
434 3993 549 4047 IGrr'mm
559 3996 661 4066 sanum
680 4001 723 4061 eet,
743 3993 779 4047 ad
796 3992 808 4045 l
826 3999 912 4060 pollue
930 4000 1005 4064 atque
1018 3995 1054 4046 od
1071 4013 1095 4046 u.
1108 3993 1161 4047 320
1179 4000 1255 4048 tatem
1273 3998 1361 4046 notam

294 4105 421 4168 perlicere
439 4107 562 4169 suspicor.
