3036 4914
775 443 884 492 XLVIII

294 605 344 670 oui
367 623 482 670 nomen
497 600 672 670 walthario
692 601 891 670 Noualioiom
914 621 949 669 se
971 599 1152 683 contulisse,
1176 601 1263 683 regio
1286 619 1357 666 san-

294 728 388 812 guine
412 733 531 810 ortum,
560 731 596 792 ut
624 732 697 812 post
719 727 835 793 multas
859 747 910 794 res
932 725 1057 792 fortiter
1079 729 1184 808 gestas
1209 723 1268 790 hoo
1290 724 1357 790 loeo

294 849 417 918 olitoris
441 871 569 918 monere
598 856 742 936 suscepto
772 851 910 936 reliquos
940 851 1025 917 uitae
1055 848 1122 916 dies
1152 848 1276 933 quietus
1306 847 1359 914 de

295 979 383 1059 geret
406 957 612 1061 peooauioum
636 995 731 1059 agens
755 975 992 1063 poenitentiam.
1027 974 1097 1040 Huo
1119 977 1224 1039 autem
1248 976 1284 1038 ut
1307 971 1358 1038 de-

295 1104 486 1184 uerteretur,
518 1099 703 1187 disciplinae
736 1099 823 1183 rigor
857 1119 929 1166 eum
960 1102 1163 1166 oonmouerat
1191 1116 1255 1164 non
1284 1095 1359 1162 alibi

295 1223 458 1291 inuentus:
489 1223 577 1292 ouius
607 1223 793 1310 explorandi
821 1224 954 1292 ratione,
972 1244 1047 1290 usus
1075 1228 1124 1290 ost
1145 1221 1243 1288 simili
1266 1226 1360 1306 atquo
1498 1207 1499 1210 '

295 1346 369 1414 Otto
407 1347 541 1432 Magnus
584 1347 617 1414 io
657 1347 705 1416 Sti
742 1347 826 1416 Galli
865 1347 1002 1416 elaustro
1048 1345 1249 1428 (Ekkehardi
1288 1343 1358 1412 Gas.

294 1493 325 1558 p.
345 1475 418 1555 147,
436 1474 456 1539 6
479 1472 543 1538 uid.
561 1471 694 1556 Ogerius
720 1473 804 1559 apud
825 1471 1042 1542 Mobillonium
1065 1470 1181 1538 Annal.
1197 1469 1227 1538 ll
1248 1469 1337 1550 351).

383 1594 593 1664 Contionatus
621 1597 697 1664 haee
724 1598 866 1664 narratio
895 1597 1007 1683 eapitis
1037 1596 1165 1684 septimi
1192 1616 1255 1661 noo
1273 1613 1315 1660 ⁴o.
1341 1596 1359 1660 8

295 1724 327 1787 et
349 1723 370 1786 9
394 1720 450 1787 sed
479 1720 600 1787 deoimo
628 1740 700 1788 oum
729 1722 895 1788 undeoimo
922 1720 1147 1807 incipientibus
1172 1720 1211 1786 ab
1235 1721 1361 1786 Interea

295 1843 446 1911 oooabulo
470 1846 558 1912 ouius
582 1845 668 1912 nulla
690 1846 722 1912 in
748 1847 793 1913 eis
816 1866 897 1932 quae
919 1845 1112 1932 praeoedunt
1134 1864 1229 1913 eausa
1253 1849 1303 1912 est
1318 1879 1359 1889 -

294 1987 485 2054 quamquam
509 1968 638 2036 liberius
661 1971 745 2036 iusto
774 1971 808 2036 in
836 1970 886 2038 his
915 1969 1048 2055 aliisque
1075 1970 1170 2038 nehus
1199 1973 1359 2036 uersatum

294 2099 453 2160 auctorem
476 2094 726 2162 'eonoedendum
769 2099 863 2180 atque
890 2101 1060 2162 nouantur
1094 2093 1249 2179 quaedam
1280 2112 1360 2178 quae

293 2222 434 2286 ueterem
463 2219 603 2286 animum
627 2218 795 2287 Waltharii
823 2219 945 2286 ououllo
975 2223 1101 2304 sumpto
1130 2238 1194 2286 non
1223 2217 1359 2284 fraotum

294 2342 392 2409 fuisse
415 2342 559 2428 probant.
584 2342 698 2430 Capita
720 2364 814 2430 porro
841 2347 881 2412 12
906 2348 937 2412 et
962 2347 1002 2411 13
1027 2343 1066 2410 de
1087 2343 1150 2413 uiri
1174 2342 1359 2429 propinquis

295 2472 408 2550 agunt:
437 2465 493 2532 filii
516 2466 657 2534 Ratherii
680 2467 890 2554 Rathaldique
913 2469 1038 2554 nepotis
1062 2467 1098 2534 fit
1121 2467 1256 2534 mentio:
1287 2486 1359 2533 nar·

294 2596 382 2657 ratur
411 2610 471 2675 quo
500 2611 575 2658 oaso
605 2596 765 2678 repertum
795 2593 838 2660 sit
865 2593 926 2660 uiri
953 2593 1119 2661 fortissimi
1147 2591 1357 2679 sepulchrum.

293 2715 415 2786 Horum
438 2715 577 2783 omnium
601 2715 681 2782 nihil
702 2721 830 2806 praeter
852 2716 1046 2802 Hiltgundoe
1074 2717 1214 2800 coniugis
1243 2734 1358 2782 nomen

294 2840 377 2926 quod
406 2860 432 2907 o.
458 2842 499 2908 12
528 2841 664 2908 ooourrit
691 2842 731 2907 ad
761 2847 901 2908 nostrum
932 2813 1157 2921 Waltharium,
1194 2861 1234 2908 ne
1263 2860 1358 2907 manu

295 2963 422 3048 quidem
446 2963 622 3034 altoreille
644 2971 693 3032 est
715 2971 894 3051 truncatus,
924 2966 1008 3051 quod
1031 2964 1256 3032 animaduertit
1279 2963 1358 3030 San-

293 3087 396 3156 Marte
424 3109 455 3175 p.
480 3093 537 3157 20:
566 3091 732 3158 contrusi
761 3091 938 3177 polonicam
967 3091 1006 3158 de
1036 3088 1211 3158 Walthario
1239 3089 1357 3156 famam

294 3232 460 3298 conpares,
484 3217 586 3280 artam
611 3235 682 3281 oum
706 3214 898 3300 walthario,
922 3214 1025 3300 qualis
1049 3219 1097 3284 est
1119 3213 1153 3280 in
1174 3213 1357 3281 Ekkehardi

295 3338 450 3421 carmine,
480 3337 730 3406 coniumotiooem
759 3339 976 3426 deprehendis.
1023 3338 1089 3406 Iam
1119 3359 1214 3424 quam
1242 3337 1357 3404 multos

296 3460 363 3527 eius
393 3461 530 3527 nominis
558 3462 725 3531 bellatores
754 3463 925 3532 Germania
953 3470 1063 3531 nostra
1097 3485 1169 3531 oum
1203 3460 1356 3563 adfinibus

295 3584 475 3668 regionibus
498 3587 681 3673 genuerint,
716 3575 926 3675 reputandum
956 3590 1026 3656 erit.
1068 3587 1152 3656 Satis
1177 3592 1226 3654 est
1247 3586 1356 3654 memi-

295 3709 381 3775 nisse
402 3707 487 3776 illius
510 3712 635 3778 oomitis
653 3711 829 3797 Walthorii,
853 3733 914 3800 quo
938 3715 977 3780 de
1001 3711 1093 3799 plora
1116 3710 1355 3778 Giesebreohtos

295 3832 412 3900 11149
447 3853 487 3900 ex
515 3834 695 3903 Thietmaro
717 3837 774 3904 Vll
798 3839 857 3920 45,
893 3839 980 3904 ouius
1014 3842 1103 3921 gesta
1134 3834 1228 3906 faoile
1255 3835 1355 3922 possis

295 3958 450 4044 suspicari
477 3957 750 4028 Noualioiensihus
785 3961 877 4046 plura
910 3960 1048 4044 tingendi
1077 3981 1187 4028 ansam
1223 3957 1354 4042 dedisse,

296 4102 487 4170 quamquam
521 4085 647 4151 inuerso
681 4084 734 4152 ille
764 4085 873 4152 ordine
902 4091 1069 4171 postquam
1099 4086 1269 4154 monaohus
1297 4083 1355 4152 tuit
