3036 4914
226 1197 360 1304 Tertia
382 1258 457 1324 pars
482 1237 566 1304 orbis
589 1239 702 1306 iratres
727 1239 855 1327 Europa
877 1248 1008 1307 uocatur

183 1361 325 1429 Moribus
349 1383 385 1428 ao
408 1363 523 1446 linguis
547 1365 652 1429 uarias
676 1369 707 1431 et
729 1365 855 1431 nomine
878 1373 986 1448 gentes

182 1487 390 1572 Distinguens
414 1487 509 1571 cultu,
534 1495 600 1553 tum
625 1488 788 1572 relligione
812 1495 1021 1574 sequestrans.

182 1612 268 1680 Inter
295 1634 372 1698 quas
395 1633 471 1697 gens
495 1611 676 1679 Pannoniae
698 1615 836 1681 residere
860 1615 1010 1701 probatur

139 1752 153 1804 5
183 1737 283 1816 Quam
310 1745 414 1804 temen
440 1743 471 1804 et
493 1737 604 1804 Hunos
626 1737 811 1824 plerumque
834 1761 947 1807 uocare
970 1742 1115 1808 solemne.

181 1861 242 1928 llio
264 1862 403 1950 populus
426 1863 517 1928 fortis
541 1863 658 1928 uirtute
683 1863 810 1946 uigebat
833 1869 865 1930 et
888 1867 984 1932 armis

181 1987 250 2054 Non
277 1988 394 2054 eiroum
420 1989 539 2074 positas
563 1988 663 2053 solum
688 1989 845 2055 domitans
868 1991 1021 2076 regiones,

51 2113 54 2119 '
165 2105 300 2180 ‘Litoris
324 2114 432 2180 oceani
456 2113 510 2178 sed
535 2113 784 2199 pertransiuerat
808 2135 878 2180 oras

181 2237 324 2306 Foedera
347 2237 540 2324 supplicibus
565 2238 684 2304 donans
708 2243 913 2324 sternensque
935 2239 1082 2307 rebelles:

125 2375 152 2430 10
180 2362 273 2431 Ultra
296 2364 440 2430 millenos
463 2363 564 2428 fertur
587 2363 778 2430 dominarier
802 2353 910 2430 annos.

224 2489 330 2556 Attila
352 2510 408 2554 rex
434 2489 568 2572 quodam
594 2488 667 2554 tulit
690 2488 767 2554 illud
796 2495 936 2574 tempore
959 2510 1090 2573 regnum

180 2613 320 2701 Impiger
344 2614 489 2698 antiquos
513 2614 639 2680 sibimet
661 2634 813 2679 renouare
832 2614 1018 2700 triumphos.

179 2738 237 2818 Qui
263 2760 321 2806 sua
345 2744 448 2804 castra
471 2739 601 2803 mouens
626 2738 790 2819 mandauit
810 2739 914 2804 uisere
936 2737 1084 2823 Francos,

179 2862 319 2943 Quorum
344 2885 400 2930 rex
424 2862 555 2931 Gihioho
579 2862 657 2928 solio
684 2862 824 2948 pollebat
846 2864 879 2928 in
903 2862 965 2928 alto

123 3001 150 3054 15
178 2987 271 3057 Prole
294 3009 401 3056 reeens
426 2994 495 3054 orta
517 2988 656 3071 gaudens
681 3008 773 3071 quam
798 2994 907 3073 postea
929 3007 1038 3051 narro:
1076 3012 1078 3016 ·

179 3113 323 3199 Namque
345 3134 464 3180 marem
489 3114 598 3196 genuit
620 3133 712 3198 quem
737 3111 947 3177 Guntharium
970 3111 1131 3177 uoeitauit.

221 3241 323 3308 Fama
345 3238 455 3318 uolans
478 3239 587 3324 pauidi
609 3238 693 3320 regis
715 3237 954 3302 transuerberat
974 3256 1066 3303 eures

178 3361 295 3432 Dieens
317 3364 465 3432 hostilem
488 3383 620 3429 cuneum
644 3361 779 3428 transire
802 3382 859 3448 per
881 3360 1035 3445 Histrum,

178 3487 362 3557 Uinoentem
386 3509 517 3556 numero
541 3487 647 3556 stellas
672 3494 765 3572 atque
789 3487 889 3552 amnis
913 3505 1033 3552 arenas.

119 3623 323 3642 ’κη-...ι-ι

181 3699 197 3752 2
216 3701 252 3769 et]
273 3700 343 3756 aoT
396 3701 413 3755 3
431 3699 562 3769 religione
574 3699 624 3752 ΒΤ
676 3681 694 3753 Ι1
714 3697 920 3768 circumpositas
938 3715 988 3754 uno
1006 3698 1083 3752 uerbo
1102 3696 1175 3754 ODB

119 3795 319 3862 8-ooeeani'l'
402 3807 433 3863 11
461 3806 550 3861 Etoilo
572 3803 702 3876 aliqud
780 3805 814 3858 14
840 3803 931 3874 gibieo
955 3805 978 3858 B
1003 3805 1007 3873 l
1037 3804 1175 3873 pellent}

120 3903 149 3958 15
161 3913 307 3968 reeenteD
355 3913 387 3968 16
401 3911 571 3969 nantharium
586 3912 612 3966 A
658 3912 691 3966 17
704 3911 807 3980 pauidi]
825 3911 927 3982 passim
940 3910 1175 3981 Bltranuerberat

119 4008 153 4074 ((11
169 4030 181 4071 s
197 4040 237 4090 pr.
250 4018 338 4088 ss·)0
396 4021 430 4075 18
447 4024 554 4091 ystrum
574 4018 622 4074 OD
640 4018 764 4090 hystrum
784 4018 826 4073 Bb
882 4020 914 4073 19
934 4038 1021 4074 uersae
1039 4019 1108 4072 deest
1125 4015 1171 4085 Dl

117 4111 224 4180 harenas
242 4125 288 4182 CB
