<?xml version="1.0" encoding="UTF-8"?>
<!DOCTYPE html PUBLIC "-//W3C//DTD XHTML 1.0 Transitional//EN"
    "http://www.w3.org/TR/xhtml1/DTD/xhtml1-transitional.dtd">
<html xmlns="http://www.w3.org/1999/xhtml" xml:lang="en" lang="en">
 <head>
  <title>
</title>
<meta http-equiv="Content-Type" content="text/html;charset=utf-8" />
  <meta name='ocr-system' content='tesseract 3.04.00' />
  <meta name='ocr-capabilities' content='ocr_page ocr_carea ocr_par ocr_line ocrx_word'/>
</head>
<body>
  <div class='ocr_page' id='page_1' title='image "./ekkehardiprimiw00ekkegoog_0059.png"; bbox 0 0 3036 4914; ppageno 0'>
   <div class='ocr_carea' id='block_1_1' title="bbox 263 1257 1334 2346">
    <p class='ocr_par' dir='ltr' id='par_1_1' title="bbox 263 1257 1334 2346">
     <span class='ocr_line' id='line_1_1' title="bbox 320 1257 1330 1346; baseline -0.006 -18"><span class='ocrx_word' id='word_1_1' title='bbox 320 1311 328 1328; x_wconf 88' lang='lat'><em>.</em></span> <span class='ocrx_word' id='word_1_2' title='bbox 353 1262 422 1346; x_wconf 81' lang='lat' dir='ltr'>Age</span> <span class='ocrx_word' id='word_1_3' title='bbox 449 1262 512 1326; x_wconf 84' lang='lat' dir='ltr'>ium</span> <span class='ocrx_word' id='word_1_4' title='bbox 542 1260 581 1327; x_wconf 87' lang='lat' dir='ltr'>de</span> <span class='ocrx_word' id='word_1_5' title='bbox 609 1266 736 1328; x_wconf 88' lang='lat' dir='ltr'>auctore</span> <span class='ocrx_word' id='word_1_6' title='bbox 765 1261 915 1326; x_wconf 79' lang='lat' dir='ltr'>carminis</span> <span class='ocrx_word' id='word_1_7' title='bbox 945 1259 1020 1344; x_wconf 90' lang='lat' dir='ltr'>quid</span> <span class='ocrx_word' id='word_1_8' title='bbox 1054 1259 1096 1325; x_wconf 88' lang='lat' dir='ltr'>sit</span> <span class='ocrx_word' id='word_1_9' title='bbox 1127 1257 1330 1324; x_wconf 89' lang='lat' dir='ltr'>statuendum</span> 
     </span>
     <span class='ocr_line' id='line_1_2' title="bbox 265 1382 1330 1470; baseline -0.005 -18"><span class='ocrx_word' id='word_1_10' title='bbox 265 1387 438 1453; x_wconf 88' lang='lat' dir='ltr'>uideamus.</span> <span class='ocrx_word' id='word_1_11' title='bbox 479 1384 610 1452; x_wconf 82' lang='lat' dir='ltr'>Codices</span> <span class='ocrx_word' id='word_1_12' title='bbox 640 1385 783 1452; x_wconf 87' lang='lat' dir='ltr'><strong>ordinum</strong></span> <span class='ocrx_word' id='word_1_13' title='bbox 813 1391 857 1470; x_wconf 78' lang='grc' dir='ltr'>αβ</span> <span class='ocrx_word' id='word_1_14' title='bbox 886 1382 1006 1450; x_wconf 88' lang='lat' dir='ltr'>nullum</span> <span class='ocrx_word' id='word_1_15' title='bbox 1038 1384 1177 1470; x_wconf 89' lang='lat' dir='ltr'>produnt</span> <span class='ocrx_word' id='word_1_16' title='bbox 1204 1401 1330 1465; x_wconf 86' lang='lat' dir='ltr'>nomen,</span> 
     </span>
     <span class='ocr_line' id='line_1_3' title="bbox 264 1505 1331 1596; baseline -0.003 -20"><span class='ocrx_word' id='word_1_17' title='bbox 264 1511 298 1577; x_wconf 93' lang='lat' dir='ltr'>in</span> <span class='ocrx_word' id='word_1_18' title='bbox 320 1538 340 1592; x_wconf 83' lang='grc' dir='ltr'><em>γ</em></span> <span class='ocrx_word' id='word_1_19' title='bbox 364 1508 491 1577; x_wconf 88' lang='lat' dir='ltr'>Geraldi</span> <span class='ocrx_word' id='word_1_20' title='bbox 516 1510 733 1576; x_wconf 89' lang='lat' dir='ltr'>nesciocuius</span> <span class='ocrx_word' id='word_1_21' title='bbox 757 1509 906 1596; x_wconf 82' lang='lat' dir='ltr'>prologus</span> <span class='ocrx_word' id='word_1_22' title='bbox 930 1508 1129 1594; x_wconf 86' lang='lat' dir='ltr'>praefigitur,</span> <span class='ocrx_word' id='word_1_23' title='bbox 1154 1528 1246 1592; x_wconf 88' lang='lat' dir='ltr'>quem</span> <span class='ocrx_word' id='word_1_24' title='bbox 1271 1505 1331 1573; x_wconf 86' lang='lat' dir='ltr'>Pa-</span> 
     </span>
     <span class='ocr_line' id='line_1_4' title="bbox 264 1631 1332 1720; baseline -0.003 -20"><span class='ocrx_word' id='word_1_25' title='bbox 264 1635 356 1701; x_wconf 91' lang='lat' dir='ltr'>risini</span> <span class='ocrx_word' id='word_1_26' title='bbox 385 1634 458 1702; x_wconf 87' lang='lat' dir='ltr'>libri</span> <span class='ocrx_word' id='word_1_27' title='bbox 486 1641 562 1701; x_wconf 85' lang='lat' dir='ltr'>nota</span> <span class='ocrx_word' id='word_1_28' title='bbox 585 1635 704 1701; x_wconf 78' lang='lat' dir='ltr'>recenti</span> <span class='ocrx_word' id='word_1_29' title='bbox 728 1640 871 1720; x_wconf 89' lang='lat' dir='ltr'>temporo</span> <span class='ocrx_word' id='word_1_30' title='bbox 901 1633 1234 1701; x_wconf 86' lang='lat' dir='ltr'>adiecta·monachum</span> <span class='ocrx_word' id='word_1_31' title='bbox 1258 1631 1332 1697; x_wconf 86' lang='lat' dir='ltr'>Flo·</span> 
     </span>
     <span class='ocr_line' id='line_1_5' title="bbox 264 1757 1333 1845; baseline -0.002 -20"><span class='ocrx_word' id='word_1_32' title='bbox 264 1760 438 1826; x_wconf 86' lang='lat' dir='ltr'>riacensem</span> <span class='ocrx_word' id='word_1_33' title='bbox 454 1760 551 1827; x_wconf 87' lang='lat' dir='ltr'>fuisse</span> <span class='ocrx_word' id='word_1_34' title='bbox 571 1757 755 1840; x_wconf 80' lang='lat' dir='ltr'>autumat*).</span> <span class='ocrx_word' id='word_1_35' title='bbox 781 1758 866 1838; x_wconf 81' lang='lat' dir='ltr'>Quae</span> <span class='ocrx_word' id='word_1_36' title='bbox 883 1759 1062 1826; x_wconf 86' lang='lat' dir='ltr'>coniectura</span> <span class='ocrx_word' id='word_1_37' title='bbox 1080 1780 1142 1825; x_wconf 90' lang='lat' dir='ltr'>non</span> <span class='ocrx_word' id='word_1_38' title='bbox 1162 1763 1333 1845; x_wconf 77' lang='lat' dir='ltr'>propterea</span> 
     </span>
     <span class='ocr_line' id='line_1_6' title="bbox 265 1883 1331 1969; baseline -0.001 -19"><span class='ocrx_word' id='word_1_39' title='bbox 265 1906 284 1950; x_wconf 86' lang='lat' dir='ltr'>a</span> <span class='ocrx_word' id='word_1_40' title='bbox 308 1904 381 1950; x_wconf 90' lang='lat' dir='ltr'>uero</span> <span class='ocrx_word' id='word_1_41' title='bbox 406 1883 532 1951; x_wconf 86' lang='lat' dir='ltr'>aberret</span> <span class='ocrx_word' id='word_1_42' title='bbox 547 1886 640 1969; x_wconf 84' lang='lat' dir='ltr'>quod,</span> <span class='ocrx_word' id='word_1_43' title='bbox 664 1891 700 1951; x_wconf 88' lang='lat' dir='ltr'>ut</span> <span class='ocrx_word' id='word_1_44' title='bbox 723 1885 817 1950; x_wconf 88' lang='lat' dir='ltr'>estin</span> <span class='ocrx_word' id='word_1_45' title='bbox 834 1883 916 1949; x_wconf 91' lang='lat' dir='ltr'>Hist.</span> <span class='ocrx_word' id='word_1_46' title='bbox 933 1883 993 1950; x_wconf 91' lang='lat' dir='ltr'>litt.</span> <span class='ocrx_word' id='word_1_47' title='bbox 1029 1883 1331 1967; x_wconf 84' lang='lat' dir='ltr'>FranciaeV1438‚</span> 
     </span>
     <span class='ocr_line' id='line_1_7' title="bbox 263 2008 1329 2076; baseline -0.001 -1"><span class='ocrx_word' id='word_1_48' title='bbox 263 2008 342 2075; x_wconf 90' lang='lat' dir='ltr'>illud</span> <span class='ocrx_word' id='word_1_49' title='bbox 366 2011 592 2076; x_wconf 88' lang='lat' dir='ltr'>monasterium</span> <span class='ocrx_word' id='word_1_50' title='bbox 615 2009 682 2076; x_wconf 91' lang='lat' dir='ltr'>eius</span> <span class='ocrx_word' id='word_1_51' title='bbox 706 2009 843 2075; x_wconf 87' lang='lat' dir='ltr'>nominis</span> <span class='ocrx_word' id='word_1_52' title='bbox 859 2008 1046 2074; x_wconf 84' lang='lat' dir='ltr'>monachum</span> <span class='ocrx_word' id='word_1_53' title='bbox 1070 2028 1133 2074; x_wconf 92' lang='lat' dir='ltr'>non</span> <span class='ocrx_word' id='word_1_54' title='bbox 1156 2008 1273 2074; x_wconf 91' lang='lat' dir='ltr'>uiderit</span> <span class='ocrx_word' id='word_1_55' title='bbox 1289 2045 1329 2054; x_wconf 94' lang='lat'><em>-</em></span> 
     </span>
     <span class='ocr_line' id='line_1_8' title="bbox 264 2131 1332 2218; baseline -0.001 -19"><span class='ocrx_word' id='word_1_56' title='bbox 264 2153 337 2200; x_wconf 84' lang='lat' dir='ltr'>nem</span> <span class='ocrx_word' id='word_1_57' title='bbox 365 2133 444 2200; x_wconf 92' lang='lat' dir='ltr'>liber</span> <span class='ocrx_word' id='word_1_58' title='bbox 467 2134 637 2201; x_wconf 79' lang='lat' dir='ltr'>Vaticanus</span> <span class='ocrx_word' id='word_1_59' title='bbox 661 2134 744 2218; x_wconf 86' lang='lat' dir='ltr'>regis</span> <span class='ocrx_word' id='word_1_60' title='bbox 768 2133 945 2200; x_wconf 71' lang='lat' dir='ltr'>christinae</span> <span class='ocrx_word' id='word_1_61' title='bbox 969 2155 999 2199; x_wconf 90' lang='lat' dir='ltr'>n.</span> <span class='ocrx_word' id='word_1_62' title='bbox 1018 2131 1083 2199; x_wconf 84' lang='lat'>566</span> <span class='ocrx_word' id='word_1_63' title='bbox 1100 2154 1124 2199; x_wconf 89' lang='lat' dir='ltr'>s.</span> <span class='ocrx_word' id='word_1_64' title='bbox 1141 2132 1186 2199; x_wconf 86' lang='lat' dir='ltr'>XI</span> <span class='ocrx_word' id='word_1_65' title='bbox 1201 2154 1230 2200; x_wconf 88' lang='lat' dir='ltr'>a.</span> <span class='ocrx_word' id='word_1_66' title='bbox 1247 2131 1269 2199; x_wconf 86' lang='lat' dir='ltr'>f.</span> <span class='ocrx_word' id='word_1_67' title='bbox 1289 2134 1332 2198; x_wconf 82' lang='lat'>23</span> 
     </span>
     <span class='ocr_line' id='line_1_9' title="bbox 264 2259 1334 2346; baseline 0 -22"><span class='ocrx_word' id='word_1_68' title='bbox 264 2259 304 2324; x_wconf 85' lang='lat' dir='ltr'>ad</span> <span class='ocrx_word' id='word_1_69' title='bbox 329 2259 371 2323; x_wconf 78' lang='lat'>32</span> <span class='ocrx_word' id='word_1_70' title='bbox 395 2259 535 2326; x_wconf 84' lang='lat' dir='ltr'>continet</span> <span class='ocrx_word' id='word_1_71' title='bbox 560 2261 820 2342; x_wconf 76' lang='lat' dir='ltr'>„tronolotioucm</span> <span class='ocrx_word' id='word_1_72' title='bbox 843 2263 987 2346; x_wconf 72' lang='lat' dir='ltr'>corporeo</span> <span class='ocrx_word' id='word_1_73' title='bbox 1011 2259 1094 2324; x_wconf 79' lang='lat' dir='ltr'>beati</span> <span class='ocrx_word' id='word_1_74' title='bbox 1115 2261 1283 2324; x_wconf 78' lang='lat' dir='ltr'>Benedicti</span> <span class='ocrx_word' id='word_1_75' title='bbox 1305 2272 1334 2324; x_wconf 80' lang='lat' dir='ltr'>ct</span> 
     </span>
    </p>
   </div>
   <div class='ocr_carea' id='block_1_2' title="bbox 264 2381 1332 2593">
    <p class='ocr_par' dir='ltr' id='par_1_2' title="bbox 264 2381 1332 2593">
     <span class='ocr_line' id='line_1_10' title="bbox 266 2381 1332 2470; baseline -0.002 -20"><span class='ocrx_word' id='word_1_76' title='bbox 266 2383 459 2450; x_wconf 64' lang='lat' dir='ltr'>scolasticae</span> <span class='ocrx_word' id='word_1_77' title='bbox 490 2389 609 2450; x_wconf 75' lang='lat' dir='ltr'>sororio</span> <span class='ocrx_word' id='word_1_78' title='bbox 633 2387 699 2449; x_wconf 81' lang='lat' dir='ltr'>eius</span> <span class='ocrx_word' id='word_1_79' title='bbox 730 2385 876 2450; x_wconf 71' lang='lat' dir='ltr'>Versibus</span> <span class='ocrx_word' id='word_1_80' title='bbox 900 2381 1036 2450; x_wconf 83' lang='lat' dir='ltr'>editam“</span> <span class='ocrx_word' id='word_1_81' title='bbox 1067 2383 1150 2468; x_wconf 92' lang='lat' dir='ltr'>quod</span> <span class='ocrx_word' id='word_1_82' title='bbox 1181 2404 1260 2470; x_wconf 88' lang='lat' dir='ltr'>opus</span> <span class='ocrx_word' id='word_1_83' title='bbox 1285 2384 1332 2449; x_wconf 91' lang='lat' dir='ltr'>di·</span> 
     </span>
     <span class='ocr_line' id='line_1_11' title="bbox 264 2503 1332 2593; baseline 0.001 -20"><span class='ocrx_word' id='word_1_84' title='bbox 264 2513 347 2574; x_wconf 88' lang='lat' dir='ltr'>serte</span> <span class='ocrx_word' id='word_1_85' title='bbox 371 2507 560 2574; x_wconf 79' lang='lat' dir='ltr'>adscribitur</span> <span class='ocrx_word' id='word_1_86' title='bbox 583 2511 710 2575; x_wconf 77' lang='lat' dir='ltr'>domino</span> <span class='ocrx_word' id='word_1_87' title='bbox 737 2507 873 2576; x_wconf 75' lang='lat' dir='ltr'>Gir-aldo</span> <span class='ocrx_word' id='word_1_88' title='bbox 896 2510 1098 2575; x_wconf 78' lang='lat' dir='ltr'>Floriaeeoee&#39;</span> <span class='ocrx_word' id='word_1_89' title='bbox 1119 2503 1332 2593; x_wconf 77' lang='lat' dir='ltr'>monacho**),</span> 
     </span>
    </p>
   </div>
   <div class='ocr_carea' id='block_1_3' title="bbox 265 2632 1332 2726">
    <p class='ocr_par' dir='ltr' id='par_1_3' title="bbox 265 2632 1332 2726">
     <span class='ocr_line' id='line_1_12' title="bbox 265 2632 1332 2726; baseline 0.002 -28"><span class='ocrx_word' id='word_1_90' title='bbox 265 2632 319 2699; x_wconf 87' lang='lat' dir='ltr'>eod</span> <span class='ocrx_word' id='word_1_91' title='bbox 343 2633 425 2726; x_wconf 85' lang='lat' dir='ltr'>quod</span> <span class='ocrx_word' id='word_1_92' title='bbox 454 2653 584 2718; x_wconf 88' lang='lat' dir='ltr'>prorsus</span> <span class='ocrx_word' id='word_1_93' title='bbox 614 2633 691 2698; x_wconf 90' lang='lat' dir='ltr'>nihil</span> <span class='ocrx_word' id='word_1_94' title='bbox 720 2635 823 2699; x_wconf 91' lang='lat' dir='ltr'>estin</span> <span class='ocrx_word' id='word_1_95' title='bbox 847 2635 987 2700; x_wconf 87' lang='lat' dir='ltr'>carmine</span> <span class='ocrx_word' id='word_1_96' title='bbox 1011 2635 1093 2719; x_wconf 90' lang='lat' dir='ltr'>qnod</span> <span class='ocrx_word' id='word_1_97' title='bbox 1115 2633 1204 2700; x_wconf 92' lang='lat' dir='ltr'>illum</span> <span class='ocrx_word' id='word_1_98' title='bbox 1228 2635 1262 2700; x_wconf 93' lang='lat' dir='ltr'>in</span> <span class='ocrx_word' id='word_1_99' title='bbox 1286 2634 1332 2700; x_wconf 93' lang='lat' dir='ltr'>lo-</span> 
     </span>
    </p>
   </div>
   <div class='ocr_carea' id='block_1_4' title="bbox 264 2757 1334 3598">
    <p class='ocr_par' dir='ltr' id='par_1_4' title="bbox 264 2757 1333 3466">
     <span class='ocr_line' id='line_1_13' title="bbox 264 2757 1332 2842; baseline 0.003 -20"><span class='ocrx_word' id='word_1_100' title='bbox 264 2776 335 2823; x_wconf 93' lang='lat' dir='ltr'>cum</span> <span class='ocrx_word' id='word_1_101' title='bbox 365 2761 495 2842; x_wconf 88' lang='lat' dir='ltr'>spectet.</span> <span class='ocrx_word' id='word_1_102' title='bbox 554 2763 568 2825; x_wconf 93' lang='lat' dir='ltr'>t</span> <span class='ocrx_word' id='word_1_103' title='bbox 599 2763 708 2824; x_wconf 87' lang='lat' dir='ltr'>contra</span> <span class='ocrx_word' id='word_1_104' title='bbox 737 2777 808 2824; x_wconf 90' lang='lat' dir='ltr'>cum</span> <span class='ocrx_word' id='word_1_105' title='bbox 838 2758 908 2825; x_wconf 91' lang='lat' dir='ltr'>aliis</span> <span class='ocrx_word' id='word_1_106' title='bbox 936 2757 969 2824; x_wconf 91' lang='lat' dir='ltr'>iu</span> <span class='ocrx_word' id='word_1_107' title='bbox 1000 2757 1076 2824; x_wconf 91' lang='lat' dir='ltr'>locis</span> <span class='ocrx_word' id='word_1_108' title='bbox 1107 2779 1170 2825; x_wconf 92' lang='lat' dir='ltr'>non</span> <span class='ocrx_word' id='word_1_109' title='bbox 1194 2758 1332 2825; x_wconf 86' lang='lat' dir='ltr'>defuisse</span> 
     </span>
     <span class='ocr_line' id='line_1_14' title="bbox 264 2881 1331 2968; baseline 0.004 -21"><span class='ocrx_word' id='word_1_110' title='bbox 264 2881 412 2948; x_wconf 88' lang='lat' dir='ltr'>credendi</span> <span class='ocrx_word' id='word_1_111' title='bbox 436 2886 562 2968; x_wconf 86' lang='lat' dir='ltr'>poetae,</span> <span class='ocrx_word' id='word_1_112' title='bbox 593 2883 705 2968; x_wconf 91' lang='lat' dir='ltr'>quibus</span> <span class='ocrx_word' id='word_1_113' title='bbox 729 2883 787 2948; x_wconf 92' lang='lat' dir='ltr'>hoc</span> <span class='ocrx_word' id='word_1_114' title='bbox 809 2883 907 2949; x_wconf 86' lang='lat' dir='ltr'>luerit</span> <span class='ocrx_word' id='word_1_115' title='bbox 928 2903 1042 2950; x_wconf 87' lang='lat' dir='ltr'>nomeu</span> <span class='ocrx_word' id='word_1_116' title='bbox 1072 2884 1149 2950; x_wconf 88' lang='lat' dir='ltr'>satis</span> <span class='ocrx_word' id='word_1_117' title='bbox 1172 2884 1331 2968; x_wconf 81' lang='lat' dir='ltr'>frequens,</span> 
     </span>
     <span class='ocr_line' id='line_1_15' title="bbox 265 3007 1332 3094; baseline 0.001 -21"><span class='ocrx_word' id='word_1_118' title='bbox 265 3013 332 3074; x_wconf 91' lang='lat' dir='ltr'>tum</span> <span class='ocrx_word' id='word_1_119' title='bbox 357 3026 482 3074; x_wconf 85' lang='lat' dir='ltr'>carmen</span> <span class='ocrx_word' id='word_1_120' title='bbox 508 3008 708 3092; x_wconf 80' lang='lat' dir='ltr'>germanicae</span> <span class='ocrx_word' id='word_1_121' title='bbox 722 3008 904 3075; x_wconf 85' lang='lat' dir='ltr'>traditionis</span> <span class='ocrx_word' id='word_1_122' title='bbox 920 3007 1048 3094; x_wconf 90' lang='lat' dir='ltr'>plenum</span> <span class='ocrx_word' id='word_1_123' title='bbox 1066 3014 1159 3093; x_wconf 89' lang='lat' dir='ltr'>atque</span> <span class='ocrx_word' id='word_1_124' title='bbox 1176 3009 1215 3075; x_wconf 90' lang='lat' dir='ltr'>ad</span> <span class='ocrx_word' id='word_1_125' title='bbox 1230 3009 1332 3076; x_wconf 89' lang='lat' dir='ltr'>Rheni</span> 
     </span>
     <span class='ocr_line' id='line_1_16' title="bbox 266 3132 1333 3224; baseline 0.005 -28"><span class='ocrx_word' id='word_1_126' title='bbox 266 3132 437 3218; x_wconf 88' lang='lat' dir='ltr'>superioris</span> <span class='ocrx_word' id='word_1_127' title='bbox 468 3133 611 3224; x_wconf 85' lang='lat' dir='ltr'>regiones</span> <span class='ocrx_word' id='word_1_128' title='bbox 640 3132 789 3199; x_wconf 88' lang='lat' dir='ltr'>lectorem</span> <span class='ocrx_word' id='word_1_129' title='bbox 825 3139 1011 3200; x_wconf 87' lang='lat' dir='ltr'>conuertens</span> <span class='ocrx_word' id='word_1_130' title='bbox 1046 3133 1101 3199; x_wconf 85' lang='lat' dir='ltr'>uix</span> <span class='ocrx_word' id='word_1_131' title='bbox 1130 3132 1199 3200; x_wconf 90' lang='lat' dir='ltr'>fieri</span> <span class='ocrx_word' id='word_1_132' title='bbox 1227 3142 1333 3221; x_wconf 87' lang='lat' dir='ltr'>potest</span> 
     </span>
     <span class='ocr_line' id='line_1_17' title="bbox 265 3255 1332 3344; baseline 0.004 -23"><span class='ocrx_word' id='word_1_133' title='bbox 265 3261 301 3321; x_wconf 95' lang='lat' dir='ltr'>ut</span> <span class='ocrx_word' id='word_1_134' title='bbox 324 3256 363 3322; x_wconf 86' lang='lat' dir='ltr'>ad</span> <span class='ocrx_word' id='word_1_135' title='bbox 386 3255 532 3340; x_wconf 87' lang='lat' dir='ltr'>Ligerem</span> <span class='ocrx_word' id='word_1_136' title='bbox 555 3263 665 3323; x_wconf 89' lang='lat' dir='ltr'>natum</span> <span class='ocrx_word' id='word_1_137' title='bbox 689 3257 875 3344; x_wconf 85' lang='lat' dir='ltr'>suspiceris,</span> <span class='ocrx_word' id='word_1_138' title='bbox 903 3258 936 3323; x_wconf 89' lang='lat' dir='ltr'>id</span> <span class='ocrx_word' id='word_1_139' title='bbox 960 3258 1043 3344; x_wconf 90' lang='lat' dir='ltr'>quod</span> <span class='ocrx_word' id='word_1_140' title='bbox 1066 3257 1254 3327; x_wconf 88' lang='lat' dir='ltr'>IGrimmius</span> <span class='ocrx_word' id='word_1_141' title='bbox 1278 3280 1332 3327; x_wconf 82' lang='lat' dir='ltr'>ex·</span> 
     </span>
     <span class='ocr_line' id='line_1_18' title="bbox 265 3367 964 3466; baseline 0.003 -20"><span class='ocrx_word' id='word_1_142' title='bbox 265 3380 372 3466; x_wconf 87' lang='lat' dir='ltr'>posuit</span> <span class='ocrx_word' id='word_1_143' title='bbox 394 3401 425 3466; x_wconf 88' lang='lat' dir='ltr'>p.</span> <span class='ocrx_word' id='word_1_144' title='bbox 443 3381 495 3446; x_wconf 87' lang='lat'>60.</span> <span class='ocrx_word' id='word_1_145' title='bbox 961 3367 964 3375; x_wconf 44' lang='lat'>¹</span> 
     </span>
    </p>

    <p class='ocr_par' dir='ltr' id='par_1_5' title="bbox 354 3501 1334 3598">
     <span class='ocr_line' id='line_1_19' title="bbox 354 3501 1334 3598; baseline 0.005 -28"><span class='ocrx_word' id='word_1_146' title='bbox 354 3504 479 3572; x_wconf 81' lang='lat' dir='ltr'>Primus</span> <span class='ocrx_word' id='word_1_147' title='bbox 513 3507 693 3593; x_wconf 67' lang='lat' dir='ltr'>adllaqee</span> <span class='ocrx_word' id='word_1_148' title='bbox 727 3527 754 3573; x_wconf 89' lang='lat' dir='ltr'>a.</span> <span class='ocrx_word' id='word_1_149' title='bbox 784 3501 935 3588; x_wconf 67' lang='lat' dir='ltr'>lgffim)</span> <span class='ocrx_word' id='word_1_150' title='bbox 965 3507 999 3572; x_wconf 88' lang='lat' dir='ltr'>ui</span> <span class='ocrx_word' id='word_1_151' title='bbox 1032 3507 1125 3573; x_wconf 86' lang='lat' dir='ltr'>fallor</span> <span class='ocrx_word' id='word_1_152' title='bbox 1155 3511 1334 3598; x_wconf 75' lang='lat' dir='ltr'>Polycarpe&#39;</span> 
     </span>
    </p>
   </div>
   <div class='ocr_carea' id='block_1_5' title="bbox 265 3714 1333 4209">
    <p class='ocr_par' dir='ltr' id='par_1_6' title="bbox 265 3714 1333 3983">
     <span class='ocr_line' id='line_1_20' title="bbox 337 3714 1333 3784; baseline 0.004 -14"><span class='ocrx_word' id='word_1_153' title='bbox 337 3714 367 3782; x_wconf 62' lang='lat' dir='ltr'>*l</span> <span class='ocrx_word' id='word_1_154' title='bbox 387 3716 431 3784; x_wconf 87' lang='lat' dir='ltr'>„S.</span> <span class='ocrx_word' id='word_1_155' title='bbox 447 3716 573 3780; x_wconf 80' lang='lat' dir='ltr'>Geruuld,</span> <span class='ocrx_word' id='word_1_156' title='bbox 597 3723 681 3770; x_wconf 78' lang='lat' dir='ltr'>moine</span> <span class='ocrx_word' id='word_1_157' title='bbox 704 3718 735 3770; x_wconf 85' lang='lat' dir='ltr'>de</span> <span class='ocrx_word' id='word_1_158' title='bbox 754 3718 839 3772; x_wconf 78' lang='lat' dir='ltr'>Fleara&#39;</span> <span class='ocrx_word' id='word_1_159' title='bbox 863 3735 957 3771; x_wconf 82' lang='lat' dir='ltr'>comme</span> <span class='ocrx_word' id='word_1_160' title='bbox 977 3720 996 3770; x_wconf 82' lang='lat' dir='ltr'>u</span> <span class='ocrx_word' id='word_1_161' title='bbox 1011 3716 1126 3772; x_wconf 71' lang='lat' dir='ltr'>semble.“</span> <span class='ocrx_word' id='word_1_162' title='bbox 1158 3717 1199 3773; x_wconf 83' lang='lat'>011</span> <span class='ocrx_word' id='word_1_163' title='bbox 1223 3719 1254 3773; x_wconf 87' lang='lat' dir='ltr'>lit</span> <span class='ocrx_word' id='word_1_164' title='bbox 1272 3720 1289 3773; x_wconf 76' lang='lat' dir='ltr'>h</span> <span class='ocrx_word' id='word_1_165' title='bbox 1305 3720 1333 3774; x_wconf 78' lang='lat' dir='ltr'>la</span> 
     </span>
     <span class='ocr_line' id='line_1_21' title="bbox 265 3805 1332 3895; baseline 0.003 -19"><span class='ocrx_word' id='word_1_166' title='bbox 265 3819 312 3890; x_wconf 85' lang='lat' dir='ltr'>fin,</span> <span class='ocrx_word' id='word_1_167' title='bbox 331 3821 399 3876; x_wconf 70' lang='lat' dir='ltr'>derit</span> <span class='ocrx_word' id='word_1_168' title='bbox 417 3822 452 3876; x_wconf 78' lang='lat' dir='ltr'>dc</span> <span class='ocrx_word' id='word_1_169' title='bbox 469 3822 497 3876; x_wconf 83' lang='lat' dir='ltr'>la</span> <span class='ocrx_word' id='word_1_170' title='bbox 515 3805 603 3876; x_wconf 63' lang='lat' dir='ltr'>meme</span> <span class='ocrx_word' id='word_1_171' title='bbox 622 3822 708 3877; x_wconf 82' lang='lat' dir='ltr'>main:</span> <span class='ocrx_word' id='word_1_172' title='bbox 733 3823 847 3894; x_wconf 76' lang='lat' dir='ltr'>Explicit</span> <span class='ocrx_word' id='word_1_173' title='bbox 871 3823 934 3878; x_wconf 80' lang='lat' dir='ltr'>liber</span> <span class='ocrx_word' id='word_1_174' title='bbox 953 3823 1051 3895; x_wconf 66' lang='lat' dir='ltr'>Tifrr&#39;di</span> <span class='ocrx_word' id='word_1_175' title='bbox 1069 3832 1183 3895; x_wconf 75' lang='lat' dir='ltr'>episcopi</span> <span class='ocrx_word' id='word_1_176' title='bbox 1200 3834 1283 3879; x_wconf 76' lang='lat' dir='ltr'>crassa·</span> <span class='ocrx_word' id='word_1_177' title='bbox 1301 3827 1332 3879; x_wconf 84' lang='lat' dir='ltr'>de</span> 
     </span>
     <span class='ocr_line' id='line_1_22' title="bbox 266 3928 620 3983; baseline 0 -2"><span class='ocrx_word' id='word_1_178' title='bbox 266 3931 335 3983; x_wconf 83' lang='lat' dir='ltr'>nulla</span> <span class='ocrx_word' id='word_1_179' title='bbox 353 3936 465 3983; x_wconf 78' lang='lat' dir='ltr'>ciuitate.</span> <span class='ocrx_word' id='word_1_180' title='bbox 492 3928 620 3983; x_wconf 75' lang='lat' dir='ltr'>Metilius·</span> 
     </span>
    </p>

    <p class='ocr_par' dir='ltr' id='par_1_7' title="bbox 321 4031 913 4100">
     <span class='ocr_line' id='line_1_23' title="bbox 321 4031 913 4100; baseline 0.003 -13"><span class='ocrx_word' id='word_1_181' title='bbox 321 4034 370 4100; x_wconf 56' lang='grc' dir='ltr'>Η)</span> <span class='ocrx_word' id='word_1_182' title='bbox 388 4033 483 4088; x_wconf 83' lang='lat' dir='ltr'>Duork</span> <span class='ocrx_word' id='word_1_183' title='bbox 502 4034 557 4088; x_wconf 89' lang='lat' dir='ltr'>lter</span> <span class='ocrx_word' id='word_1_184' title='bbox 574 4031 727 4088; x_wconf 82' lang='lat' dir='ltr'>Romanum</span> <span class='ocrx_word' id='word_1_185' title='bbox 748 4036 760 4088; x_wconf 93' lang='lat'><em>1</em></span> <span class='ocrx_word' id='word_1_186' title='bbox 781 4036 831 4089; x_wconf 81' lang='grc'>176</span> <span class='ocrx_word' id='word_1_187' title='bbox 850 4034 913 4089; x_wconf 85' lang='lat' dir='ltr'>adn.</span> 
     </span>
    </p>

    <p class='ocr_par' dir='ltr' id='par_1_8' title="bbox 299 4138 1158 4209">
     <span class='ocr_line' id='line_1_24' title="bbox 299 4138 1158 4209; baseline 0.006 -16"><span class='ocrx_word' id='word_1_188' title='bbox 299 4138 368 4205; x_wconf 63' lang='lat' dir='ltr'>lli)</span> <span class='ocrx_word' id='word_1_189' title='bbox 388 4139 535 4209; x_wconf 83' lang='lat' dir='ltr'>Btisehing,</span> <span class='ocrx_word' id='word_1_190' title='bbox 555 4139 708 4195; x_wconf 79' lang='lat' dir='ltr'>Whehentl.</span> <span class='ocrx_word' id='word_1_191' title='bbox 721 4140 905 4196; x_wconf 86' lang='lat' dir='ltr'>Nachriehten</span> <span class='ocrx_word' id='word_1_192' title='bbox 923 4141 949 4195; x_wconf 95' lang='lat' dir='ltr'>Il</span> <span class='ocrx_word' id='word_1_193' title='bbox 967 4141 1021 4196; x_wconf 82' lang='lat'>320</span> <span class='ocrx_word' id='word_1_194' title='bbox 1039 4141 1078 4198; x_wconf 91' lang='lat' dir='ltr'>lV</span> <span class='ocrx_word' id='word_1_195' title='bbox 1099 4143 1158 4198; x_wconf 81' lang='lat'><strong>122.</strong></span> 
     </span>
    </p>
   </div>
   <div class='ocr_carea' id='block_1_6' title="bbox 0 0 1522 4914">
    <p class='ocr_par' dir='ltr' id='par_1_9' title="bbox 0 0 1522 4914">
     <span class='ocr_line' id='line_1_25' title="bbox 0 0 1522 4914; baseline 0 0"><span class='ocrx_word' id='word_1_196' title='bbox 0 0 1522 4914; x_wconf 95' lang='lat' dir='ltr'> </span> 
     </span>
    </p>
   </div>
  </div>
 </body>
</html>
