3036 4914
655 447 740 494 xux

161 601 251 668 miles
264 603 368 670 factus
381 603 525 670 omnibns
538 605 697 672 timendus
714 605 833 691 proelio
847 626 1030 692 supremum
1047 606 1125 673 obiit
1136 607 1230 673 diem.

158 727 202 792 At
223 727 288 794 fuit
312 727 365 793 iile
392 730 426 794 in
455 728 611 812 claustro,
641 730 837 814 Aquitanum
867 749 946 813 quae
972 730 1058 797 fama
1082 751 1230 815 umquam

157 851 351 918 monachum
374 852 473 936 fuisse
495 853 626 920 narrat?
657 823 790 920 inclitus·
809 873 914 921 comes
944 859 976 921 et
1004 855 1123 922 athleta
1146 855 1232 924 Wal-

157 974 280 1042 tharins
306 976 491 1044 illedicitor
514 997 540 1044 c.
560 979 822 1063 tamaianam
846 980 951 1046 nescio
976 980 1030 1064 qui
1054 980 1099 1045 sic
1123 980 1231 1067 appol·

155 1099 274 1167 lanarii
314 1122 473 1187 umquam.
517 1102 560 1169 Vt
593 1105 702 1189 paneis
738 1124 911 1190 exponam,
947 1104 1101 1188 Aquitani
1137 1110 1231 1190 atque

155 1224 391 1293 Nonaiiciensis
421 1225 589 1324 Wpltharii
621 1229 811 1328 coniunctio
832 1229 971 1296 uiolenta
1006 1236 1100 1313 atque
1132 1237 1231 1296 tama-

155 1350 241 1416 raria
267 1357 334 1435 cst,
364 1351 556 1438 debeturque
584 1353 703 1419 auctori
732 1353 871 1419 chronici
896 1354 949 1438 qni
973 1360 1141 1439 postquam
1167 1355 1230 1420 No-

155 1474 380 1542 uaiiciensium
420 1477 458 1544 de
493 1476 668 1545 Walthario
707 1478 860 1544 monacho
902 1479 1117 1545 narrationem
1156 1499 1230 1546 con-

155 1600 334 1685 scripserat
362 1601 519 1687 capitibus
549 1603 567 1666 7
593 1609 625 1669 et
649 1604 807 1686 10-13,
842 1603 924 1670 forte
958 1603 1086 1670 fortuna
1119 1605 1231 1670 incidit
1285 1603 1293 1617 ‘

155 1722 187 1789 in
220 1723 440 1794 Bremetensis
479 1727 662 1793 monasterii
701 1728 839 1794 codicem
878 1729 911 1794 in
952 1749 1013 1824 quo
1045 1728 1229 1795 Ekkehardi

156 1867 289 1916 carmen
314 1858 391 1916 erat.
422 1851 525 1937 Ipsius
550 1852 653 1918 octaui
677 1853 790 1938 capitis
814 1853 917 1938 prima
940 1852 1037 1918 uerba
1059 1853 1118 1919 hoc
1143 1860 1230 1940 pate·

155 1972 298 2041 faciunt:
334 1977 398 2040 Hic
432 2000 505 2064 erpo
538 1977 582 2044 W.
610 1981 681 2064 qnia
713 1980 765 2044 uel
793 1981 876 2044 ande
904 1982 1086 2064 appenninae
1110 1980 1227 2064 fuerat,

156 2101 206 2163 nel
241 2126 262 2164 a
303 2123 364 2186 qao
398 2114 490 2187 patre
523 2105 647 2188 penitus
682 2106 737 2185 ait,
772 2127 838 2168 noo
873 2116 917 2168 eat
950 2103 1065 2167 bonnm
1099 2104 1227 2168 silencio

157 2223 359 2290 abscondere.
400 2225 446 2290 sic
474 2224 649 2292 doctrinam
679 2246 767 2292 suam
792 2226 936 2292 uenditat
957 2225 1012 2292 iilo
1036 2247 1227 2312 quamquam

157 2353 204 2414 est
226 2348 403 2415 nouissime
427 2355 547 2434 parata.

245 2473 368 2540 Contra
394 2473 552 2541 artissima
583 2495 662 2560 quae
685 2476 747 2541 ci
774 2475 916 2541 narrauit
945 2494 1015 2540 cum
1040 2496 1066 2541 c.
1085 2476 1227 2541 10-13

156 2597 338 2665 cohaerent.
377 2598 463 2678 Quae
487 2598 582 2667 habet
604 2600 643 2665 de
666 2605 774 2665 nostro
797 2599 972 2667 Waithario
996 2619 1034 2666 ex
1063 2599 1129 2666 solo
1153 2620 1228 2685 poe·

156 2730 241 2790 mate
267 2722 435 2808 tinxerunt,
460 2724 498 2790 de
522 2724 621 2791 altero
637 2723 812 2790 Waithario
837 2732 901 2790 tam
927 2745 965 2790 ex
989 2724 1116 2810 scriptis
1132 2744 1226 2808 qnam

157 2867 195 2913 cx
217 2829 384 2915 hominum
410 2869 479 2914 ora:
504 2853 771 2938 pereprinctr'ooir
793 2849 874 2916 liber
897 2850 940 2928 (i.
959 2848 1159 2934 pilgerfahrt)
1183 2850 1227 2915 ci-

157 2978 244 3040 tatur
269 2994 295 3040 c.
314 2975 349 3056 73
374 2975 583 3062 conscriptam
609 2995 676 3040 eam
701 2975 798 3039 fuisse
821 2973 965 3039 uersibus
982 2974 1117 3040 coniecit
1131 2973 1227 3048 Beth-

159 3118 294 3165 mannus
319 3119 357 3165 ex
381 3099 548 3167 Waitharii
572 3099 665 3165 laude
687 3094 855 3178 leoninis‘)
891 3097 1033 3163 distichis
1063 3099 1227 3183 conposita

159 3243 183 3289 c.
209 3225 247 3291 7:
273 3229 306 3290 at
336 3244 407 3291 cum
439 3225 471 3290 in
500 3225 572 3311 ipsa
601 3225 782 3291 narratione
811 3243 940 3310 prorsus
970 3223 1050 3289 nihii
1080 3223 1226 3290 relictum

159 3349 201 3414 sit
223 3351 340 3436 poetici
363 3350 533 3433 sermonis,
557 3369 668 3416 uersas
691 3349 762 3415 illos
786 3349 910 3415 librarii
932 3348 1096 3415 cniusdam
1120 3349 1225 3414 studio

158 3473 191 3539 in
214 3475 300 3542 calce
324 3476 499 3562 adscriptos
527 3475 625 3541 fuisse
649 3481 684 3540 nt
706 3473 776 3540 fieri
799 3474 921 3541 solebat
948 3474 1100 3560 suspicor.
1140 3473 1226 3553 Quae

159 3599 272 3669 deinde
295 3608 405 3668 narrat
427 3621 453 3667 c.
474 3603 514 3667 to
530 3621 597 3686 sqq.
616 3599 723 3665 omnia
746 3619 785 3666 ex
808 3600 893 3665 fama
916 3593 1138 3682 hominum**),
1161 3618 1225 3664 non
1284 3670 1296 3692 ἢ

230 3793 259 3861 θ’)
279 3795 404 3850 leoninus
422 3795 494 3848 acati
514 3807 611 3848 uersus
630 3792 816 3847 restituendus
836 3793 875 3847 sic
894 3799 925 3846 ut
942 3807 992 3862 pro
1015 3800 1103 3847 metuit
1121 3791 1224 3846 scriba·

158 3902 203 3953 tur
219 3907 325 3955 aeritur.

230 4005 279 4073 W)
305 4009 392 4061 uolunt
412 4014 496 4060 aretem
519 4008 644 4070 nonnulli,
671 4005 777 4060 traduat
801 4011 884 4059 cutem
908 4007 1034 4068 nonnulli,
1053 4006 1148 4076 ferant
1173 4005 1223 4058 ali·

160 4119 253 4180 qnantt.
280 4111 334 4166 huc
352 4109 419 4166 t'acit
436 4117 465 4165 at
481 4111 558 4166 icens
577 4111 624 4180 qni
643 4110 733 4165 dictus
752 4115 811 4165 erat
831 4111 916 4164 Fortia
935 4107 1054 4164 Walters.

957 4213 975 4268 d
