3022 4920
644 423 704 487 101

132 599 302 686 prioltus
335 606 455 667 interea
488 624 545 666 reu
576 600 777 665 Francorum
811 603 1012 688 defuupitur,
1049 617 1077 668 et
1110 627 1204 691 repro

126 726 184 789 illo
216 723 423 790 Cuudliorius
458 729 524 790 eius
558 728 705 790 suecessit
729 727 837 808 filius,
874 731 1041 814 statimque
1066 729 1205 812 foedera

126 850 382 915 Pauuouiarum
413 852 575 931 dissoluit,
611 863 706 935 atque
737 874 862 915 oausam
890 853 943 916 illi
969 855 1115 940 deiuoeps
1134 845 1205 919 'ue-

123 978 227 1060 puuit.
290 976 336 1039 At
368 998 442 1039 uero
473 975 630 1060 Hopouus
662 977 748 1055 saul,
785 979 895 1060 apuita
920 980 1051 1063 proprii
1084 981 1206 1043 domiui

92 1110 246 1181 5morte,
280 1101 354 1164 ilioo
375 1100 496 1185 sapam
521 1111 627 1185 parat.
669 1099 722 1163 Eu
750 1101 839 1162 euius
862 1099 1031 1165 discessum
1054 1125 1111 1166 ree
1134 1126 1204 1167 oum
1224 1118 1275 1172 120

26 1233 32 1242 “
124 1227 243 1310 repiua
266 1226 401 1288 multum
423 1223 571 1304 dolentes,
605 1223 814 1288 Waltlmrium
836 1227 969 1290 retiuere
991 1229 1140 1307 uiteutes,
1165 1250 1203 1291 ue

115 1348 210 1431 forte
234 1351 340 1413 simili
362 1351 446 1412 eeitu
468 1349 560 1412 illum
588 1351 808 1429 ammitteretes,
839 1372 954 1435 rapere
979 1351 1071 1414 illum
1095 1372 1202 1437 eoepe-

123 1485 213 1554 ruut,
240 1486 280 1538 51
294 1474 400 1556 filiam
425 1473 560 1536 alicuius
583 1476 666 1557 repis
691 1475 830 1558 satrapis
849 1474 1094 1539 Pauuouiarum
1117 1498 1201 1538 sum·
1223 1490 1273 1543 136

122 1610 225 1662 meret
249 1597 315 1662 sibi
336 1619 482 1677 uuorem,
513 1610 540 1661 et
569 1599 637 1681 ipse
660 1599 830 1683 ampliaret
851 1599 903 1662 illi
924 1621 998 1664 rure
1021 1601 1199 1684 domosque
1223 1614 1274 1667 138

79 1735 107 1786 10
127 1720 257 1802 Quibus
290 1722 483 1786 Waltluarius
506 1721 585 1785 15115
608 1724 772 1806 respondit
800 1723 913 1786 uerba:
944 1722 1008 1800 „Si
1035 1725 1202 1810 uuptom,“
1223 1739 1274 1792 150

125 1847 258 1930 inquid,
286 1849 467 1932 „accipiam
489 1847 659 1910 secuudum
682 1847 806 1910 domiui
822 1859 1017 1931 preceptum,

170 1970 214 2034 Iri
236 1973 358 2057 primia
381 1973 508 2034 uiuoiur
530 1973 615 2034 auris
639 1983 667 2034 et
688 1992 795 2034 amore
815 1971 930 2056 puella,
1223 1988 1271 2041 151

172 2094 357 2177 Aedificare
380 2096 488 2158 domos
512 2095 689 2180 cultumque
711 2096 871 2158 intendere
893 2096 988 2159 ruris.
1222 2111 1273 2164 153

126 2217 188 2282 Ν11
212 2243 308 2305 erpo,
338 2222 526 2299 miserior,
558 2230 622 2282 tom
645 2219 735 2282 dulae
756 2219 850 2298 milui,
881 2241 978 2303 quam
1000 2242 1121 2306 semper
1144 2220 1272 2290 1111158

80 2354 109 2407 15
126 2345 231 2422 iuessp
254 2345 362 2426 fidelis
369 2369 380 2422 ‚·
410 2323 506 2428 teque*
528 2347 643 2430 optime
665 2345 818 2430 deprecor
838 2355 930 2429 pater
947 2367 1011 2431 per
1028 2348 1201 2432 propriam
1221 2360 1272 2413 165

126 2470 232 2533 uitam
258 2480 351 2554 atque
369 2491 432 2554 per
453 2471 607 2533 iauiotum
627 2481 749 2554 perstem
772 2470 1028 2551 Pauuouiorum,

180 2593 222 2660 Ut
246 2616 311 2657 uou
333 2594 464 2657 ulterius
488 2615 536 2656 me
559 2615 652 2679 copas
676 2613 796 2656 sumere
819 2593 959 2656 taedas.“

175 2717 319 2804 Cumque
341 2717 417 2781 laea
439 2719 580 2799 diruisset,
605 2741 759 2783 sermones
782 2720 888 2781 statim
911 2717 1026 2782 deserit
1048 2738 1161 2780 omues.

130 2840 252 2928 Sioque
275 2865 330 2906 reu
359 2842 521 2927 deeeptus,
552 2865 683 2928 speraris
715 2841 923 2906 Waltlturium
945 2843 1085 2905 recedere
1107 2863 1199 2905 aum·

79 2976 238 3050 2055551.
288 2968 429 3051 Moaque
453 2979 602 3051 satrapae
623 2967 676 3030 illi
698 2969 871 3029 certissima
894 2977 1023 3029 uouerat
1041 2964 1140 3049 fama
1163 2966 1201 3029 de
1220 2935 1271 3031 110

130 3092 296 3175 quamdam
322 3103 444 3177 peritam
474 3092 634 3174 quomdam
663 3089 702 3153 ab
727 3090 833 3154 Huuis
862 3091 1017 3152 deuictam
1046 3111 1141 3173 super
1168 3110 1199 3152 se

128 3219 246 3280 iterum
268 3215 421 3279 hostiliter
442 3227 589 3279 rueutem.
882 3297 888 3308 Ι

179 3339 271 3405 Tuua
293 3340 337 3403 ad
367 3339 575 3404 Waltliarium
597 3342 790 3404 aouuertitur
814 3341 895 3403 aetio
919 3359 1042 3414 rerum,·

177 3464 244 3544 Qui
266 3485 339 3527 asoa
360 3464 508 3527 militiam
526 3468 708 3549 peroeusuit
731 3467 842 3529 ordine
865 3474 971 3542 totam,

81 3595 112 3651 25
175 3587 221 3652 Et
243 3587 428 3651 bellatorum
450 3586 610 3671 coufortat
631 3591 731 3654 eorda
752 3611 890 3653 suorum.
1218 3598 1270 3653 175

176 3711 369 3792 Neomare,
394 3714 565 3797 oousurpit
590 3714 792 3795 sequiturque
816 3714 967 3775 euerritus
992 3714 1103 3775 amuis.
1218 3725 1269 3778 119

204 3904 219 3956 1
247 3901 370 3972 Gybiaus
442 3903 460 3956 2
486 3903 511 3956 ei
583 3901 600 3955 ὃ
627 3901 751 3956 discessu
824 3903 839 3955 7
865 3903 1023 3956 amitterent
1094 3903 1111 3955 9
1136 3917 1200 3956 rura

135 4007 167 4061 18
194 4006 283 4072 Quum
303 4007 371 4063 hasa
443 4009 476 4063 21
505 4007 622 4078 quadam
642 4012 725 4076 gente
797 4009 830 4063 21
861 4007 970 4064 deuicta
1043 4009 1078 4062 22
1102 4013 1198 4062 ruente

133 4113 168 4167 24
195 4113 269 4180 Quos
287 4129 352 4169 mox
