3022 4920
753 416 816 479 108

293 597 446 661 Nascitur
453 621 463 673 ,·
487 596 566 659 hers!
585 594 683 659 robur
701 594 820 680 procul
841 597 903 658 init
925 607 954 658 et
975 596 1086 658 indita
1109 597 1224 678 uirtus,

302 721 495 785 Waltlrarius
520 721 574 783 tua
597 720 788 784 Pannoniae
811 721 997 784 discesserat
1017 722 1110 798 inde,-

294 845 511 931 Hildpundem
534 866 657 930 quoque
680 850 724 908 ms'
745 845 856 908 learam
880 845 1012 908 deducit
1034 845 1259 931 alumpnani!“

295 968 366 1032 Iam
384 972 537 1055 princeps
560 969 670 1054 efferus
693 971 794 1032 nimia
817 970 1018 1032 succenditur
1039 973 1100 1054 ira.
1338 981 1391 1035 380

294 1095 423 1158 Mutant
439 1097 584 1180 priorem
608 1095 760 1158 laetitiam
781 1096 934 1157 merentia
956 1095 1061 1158 corda.
1336 1107 1391 1160 381

295 1218 352 1284 Sic
373 1220 529 1284 intestinis
551 1241 608 1282 rea
622 1220 799 1303 fluctuatur
821 1219 961 1303 undique
984 1221 1081 1300 curis,
1336 1229 1394 1283 385

294 1344 399 1429 Atque
421 1346 492 1430 ipso
517 1345 635 1429 quippe
658 1344 709 1406 die
723 1341 858 1426 fastidit
881 1345 1006 1407 omnino
1026 1355 1123 1429 potus
1146 1356 1175 1408 et
1201 1365 1316 1434 escam,
1335 1355 1394 1410 389

292 1469 361 1534 Nec
378 1437 677 1554 placitantium
699 1465 845 1530 membris
864 1470 973 1553 potuit
996 1469 1073 1532 dare
1097 1471 1237 1554 quietem.
1334 1479 1394 1533 390

294 1594 340 1657 At
361 1592 418 1656 uti
438 1615 503 1656 non
525 1594 708 1678 superuenit
728 1604 811 1672 atra,

196 1733 230 1788 10
293 1718 424 1782 Decidit
444 1720 480 1780 in
504 1718 624 1797 lectum,
649 1715 782 1779 abinea
806 1717 927 1780 lamma
950 1717 1074 1798 clausit,

243 1907 245 1912 .
300 1841 499 1926 Uertiturque
512 1842 700 1926 frequenter
723 1843 761 1904 de
785 1841 866 1904 lotus
888 1844 923 1904 in
947 1842 1043 1937 laterp

297 1966 475 2052 Tamquam
498 1969 528 2030 si
549 1966 656 2030 iacula
678 1968 852 2056 transfixus
876 1977 952 2029 esset
974 1978 1076 2030 acuta.
1335 1978 1392 2032 394

294 2093 434 2178 Indeque
457 2113 587 2176 serpens
611 2093 763 2155 discurrit
783 2093 820 2154 in
842 2090 959 2173 urban,
1335 2103 1390 2157 397

294 2218 399 2302 Atque
422 2216 545 2280 tiorum
568 2218 706 2296 asnieres,
731 2215 826 2280 simul
848 2217 954 2302 attipit
976 2227 1070 2300 atque
1092 2215 1239 2301 reliquid.

195 2355 228 2409 15
296 2341 417 2408 Taliter
439 2343 612 2404 insomnem
636 2353 873 2426 consumpserat
895 2340 998 2404 Attila
1022 2351 1150 2404 noctem.

294 2466 339 2530 At
356 2466 495 2552 prosupi
517 2467 642 2529 comites
663 2488 723 2551 per
746 2468 850 2529 amica
873 2466 999 2530 silentia
1023 2477 1135 2529 euntes.
1334 2484 1390 2538 400

252 2589 341 2654 Tuas
375 2613 431 2654 rea
465 2603 573 2654 uotum
597 2590 739 2674 fecerat,
781 2602 817 2654 ut
850 2593 880 2654 si
914 2593 985 2676 quis
1022 2588 1232 2654 Waltlsarium
1265 2591 1319 2653 itti·
1335 2609 1388 2663 403

247 2718 388 2780 uinctum
411 2715 547 2798 afferret,
1333 2734 1388 2788 404

292 2840 372 2903 Moe
394 2839 485 2901 illum
508 2861 623 2901 aurum
645 2841 772 2902 uestiret
794 2861 887 2923 saepe
908 2851 1071 2902 recoctum.
1333 2859 1386 2912 405

194 2961 229 3015 20
293 2962 359 3029 Sed
380 2963 487 3026 nultus
510 2966 546 3026 in
569 2975 632 3026 tam
655 2985 774 3049 mapna
795 2965 922 3048 cepione
1332 2981 1387 3035 408

245 3087 324 3152 Fuit
348 3089 495 3152 inuentus
525 3100 693 3172 tyrannus,
722 3089 788 3150 dua
817 3090 884 3150 siue
914 3110 1011 3151 comes
1040 3110 1093 3178 spu
1124 3087 1211 3150 miles
1245 3089 1313 3150 siue

245 3215 398 3292 minister,
430 3215 488 3297 qui
515 3215 662 3296 qrsamuis
686 3215 843 3298 proprias
872 3214 1030 3276 ostendere
1060 3225 1186 3299 cuperet
1214 3215 1311 3292 uires,
1331 3230 1388 3284 410

255 3335 463 3401 Waitisarium
486 3337 661 3421 aliquando
684 3339 803 3400 iratum
813 3340 1046 3422 presumpserit
1060 3339 1159 3400 armis
1175 3339 1310 3421 insequi.
1332 3356 1388 3409 413

246 3460 333 3525 Nota
362 3462 518 3545 siquidem
552 3463 655 3524 uirtus
684 3464 750 3525 eius
769 3462 885 3546 fuerat
903 3460 1000 3545 facta
1029 3483 1135 3548 prope
1168 3460 1313 3526 omnibus
1331 3480 1390 3534 415

193 3597 227 3650 25
246 3596 348 3648 terrae
376 3583 614 3648 habitatoribus.
663 3583 728 3666 Qui
762 3584 971 3666 Waltltarius,
1001 3598 1036 3649 ut
1064 3587 1149 3666 diei,
1176 3585 1313 3672 sapiens
1331 3605 1389 3658 419

245 3709 388 3773 noctibus
410 3712 482 3789 init,
507 3721 601 3795 atque
623 3711 674 3773 die
696 3711 795 3774 saltus
817 3712 981 3795 requirens
1004 3722 1033 3774 et
1055 3709 1187 3774 arbusta
1203 3712 1311 3774 deusa.
1332 3729 1390 3782 420

320 3901 331 3952 1
361 3914 396 3953 en
421 3905 425 3958 t
450 3900 595 3969 procubuit
614 3906 641 3955 et
713 3903 729 3955 3
757 3901 931 3969 Hildsgundo
955 3903 959 3966 Ι
984 3917 1094 3970 quoquo
1121 3904 1192 3958 abest
1215 3908 1219 3968 Ι
1246 3903 1312 3958 mihi

244 4007 365 4059 4effsra
420 4008 549 4075 epotum
605 4008 637 4061 11
658 4008 795 4062 delatore
842 4009 874 4062 12
892 4008 1006 4079 incutiet
1025 4010 1113 4063 acutis
1162 4011 1194 4064 tt
1214 4015 1311 4064 notum

247 4113 279 4164 19
307 4127 373 4167 suro
402 4111 538 4183 {recocto
610 4112 853 4169 mactatione
925 4116 1165 4170 sotericiana
