3036 4914
680 401 697 465 7

224 577 429 663 Suspendunt
453 598 470 644 a
493 576 555 643 line
579 579 704 664 quidem
728 580 866 663 regionis
890 600 1009 646 eorum.

221 702 325 770 Attila
348 702 405 768 sed
428 701 544 768 celeres
568 723 642 769 mox
666 703 726 769 huo
750 703 887 771 deflectit
911 704 1048 771 habenas

219 826 287 894 Nec
309 826 438 892 tardant
460 827 572 913 reliqui
596 833 742 915 satrapae
766 829 900 912 uestigia
923 829 1019 896 adire.

220 951 315 1018 Ibant
339 953 464 1035 aequati
483 973 629 1037 numere,
655 953 709 1019 sed
734 957 764 1019 et
788 954 913 1037 agmine
935 953 1039 1038 longo,

149 1089 186 1145 45
219 1075 466 1162 Quadrupedum
491 1097 583 1143 cursu
607 1077 700 1144 tellus
725 1097 875 1144 concussa
899 1078 1055 1162 gemebat,

221 1199 388 1267 Souterum
403 1203 519 1267 sonitu
542 1203 677 1288 pauidus
701 1204 920 1289 superintonet
943 1203 1059 1270 aether.

218 1324 338 1394 Ferrea
360 1325 441 1392 silua
464 1327 561 1393 micat
583 1333 666 1392 totas
690 1327 847 1394 rutilando
871 1348 928 1413 per
952 1349 1059 1410 agros:

218 1449 313 1516 Haud
337 1451 438 1535 alitor,
463 1452 566 1537 primu
591 1472 683 1536 quam
709 1451 838 1539 pulsans
863 1473 1000 1538 aequora
1023 1473 1115 1518 ruane

220 1575 356 1642 Pulcher
378 1577 410 1642 in
435 1577 584 1643 extremis
607 1577 725 1643 renitet
748 1577 794 1642 sul
818 1577 960 1664 partibus
984 1576 1077 1644 orbis.

149 1715 185 1770 50
219 1699 350 1785 lamque
374 1700 500 1767 Ararim
525 1701 753 1786 Rodanumque
778 1723 886 1768 amnes
910 1703 1101 1769 transiuerat
1128 1702 1207 1768 altos

220 1825 326 1910 Atque
350 1825 389 1891 ad
413 1825 629 1912 praedandum
654 1847 771 1892 cuneus
796 1827 988 1913 dispergitur
1012 1829 1122 1893 omnis.

263 1949 357 2017 Forte
381 1949 540 2016 Cauillonu'
561 1950 644 2016 sedit
666 1949 838 2036 Hermione,
862 1957 893 2018 et
917 1972 987 2019 ecoe

219 2074 376 2142 Attollens
400 2075 505 2141 oculos
530 2075 710 2161 speculatur
732 2077 938 2148 uociferatur:

214 2199 387 2278 ‘Quaenam
411 2201 567 2266 condenso
592 2201 753 2284 consurgit
776 2201 905 2287 puluere
928 2202 1046 2268 nubas?

151 2339 187 2394 55
217 2323 273 2390 Uis
296 2325 426 2391 inimica
449 2327 546 2408 uenit,
570 2330 678 2412 portas
702 2327 763 2391 iam
788 2326 924 2393 claudite
947 2322 1093 2394 cunctas?

219 2449 285 2515 lam
308 2454 376 2515 tum
401 2450 475 2534 quid
500 2448 613 2516 Franci
639 2451 787 2518 iecissent
808 2452 877 2537 ipse
901 2452 1020 2518 sciebat

217 2573 367 2660 Princeps
392 2580 424 2640 et
445 2581 574 2640 cunctos
596 2575 765 2662 compellat
788 2577 833 2641 sic
855 2577 1009 2643 seniores:

212 2697 259 2765 ‘Si
282 2720 358 2784 gens
383 2704 446 2764 tarn
471 2700 562 2765 furtis
587 2701 636 2765 cui
660 2719 717 2765 nos
741 2699 881 2766 similare
904 2701 1081 2786 nequimus,

219 2822 322 2889 Cessit
344 2823 537 2908 Pannoniae,
561 2845 624 2909 qua
646 2845 703 2890 nes
727 2826 843 2891 uirtute
867 2826 986 2910 putatis

152 2965 185 3017 60
217 2947 299 3015 Huio
322 2949 464 3016 conferre
487 2969 614 3015 manum
640 2955 671 3015 et
694 2950 828 3034 patriam
855 2949 1021 3016 defendere
1045 2949 1188 3037 dulcem?

219 3231 252 3285 41
268 3228 455 3300 suspendunt]
466 3229 619 3286 Discedunt
628 3233 660 3284 ul.
669 3250 700 3284 m.
708 3230 854 3284 obscuriore
864 3237 1005 3285 atramento
1014 3229 1052 3284 Ι)8
1105 3231 1141 3285 42
1150 3245 1214 3285 mox

150 3337 212 3392 illuc
229 3335 349 3392 flectite
402 3337 438 3392 44
457 3337 546 3406 equali
565 3337 589 3390 Τ
605 3339 610 3404 Ι
626 3351 739 3391 nurnero
758 3354 839 3408 musy.
851 3356 890 3407 pr.
905 3335 931 3389 A
985 3336 1020 3391 45
1038 3334 1174 3392 tremebat
1187 3337 1213 3390 D

150 3445 183 3498 46
201 3444 273 3498 ⁸ther
292 3446 319 3509 (a
336 3463 378 3515 pr.
391 3463 425 3498 ss.
444 3443 480 3509 A)
527 3443 563 3498 48
581 3443 699 3498 llautD
753 3443 789 3497 50
806 3441 957 3497 rhodanum
977 3441 1023 3496 CT
1077 3443 1112 3498 52
1131 3444 1213 3498 cauil-

149 3550 217 3606 lonis
236 3551 280 3604 uD
309 3549 450 3605 cabillonis
468 3549 517 3604 BT
545 3548 678 3606 Cabilloni
703 3549 836 3604 Mortuus.-
859 3557 938 3612 reote,
963 3569 1021 3602 nam
1045 3549 1137 3621 ubique
1162 3549 1212 3604 Ca·

150 3655 278 3712 bibonum
300 3675 423 3728 nusquam
446 3654 588 3711 Cabillona
609 3659 757 3728 appellatur.
780 3657 784 3722 1
813 3655 950 3709 hereticus
968 3655 994 3708 D
1019 3655 1150 3711 heriricus
1169 3655 1212 3711 Tb

148 3762 287 3832 bertricus
306 3761 330 3816 A
360 3761 481 3817 harricus
499 3761 522 3819 O
540 3762 665 3817 henricus
683 3762 706 3815 B
723 3765 726 3830 Ι
745 3740 828 3816 ”hedit
846 3747 997 3818 'hereticus
1015 3771 1053 3818 sic
1073 3771 1212 3818 correctum

148 3870 185 3924 D⁸
205 3869 327 3926 herricus
340 3867 446 3924 sedito
495 3869 530 3924 53
550 3868 733 3924 AdtullensB
788 3869 823 3924 54
842 3869 1047 3939 consurguntb
1093 3870 1128 3924 56
1146 3873 1212 3924 tunc

147 3976 197 4031 ΒΤ
213 3978 218 4044 1
234 3975 309 4046 quid]
323 3974 371 4046 qd⁸
389 3978 425 4042 tt.
439 3977 523 4047 quod)
538 3975 562 4030 T
578 3979 582 4043 Ι
598 3974 708 4031 fecisset
725 3980 754 4030 et
772 3976 831 4046 ipse
849 3977 873 4030 T
927 3977 962 4031 58
980 3975 1108 4030 simulare
1126 3974 1211 4029 CD¹B

148 4083 264 4136 similare
283 4081 372 4136 AD⁸T
399 4081 497 4154 cfl803
