3036 4914
826 441 846 486 L

306 619 343 666 ex
369 599 439 665 aliis
470 599 597 684 scriptis
627 599 726 684 petita
754 603 843 664 sunt:
879 603 1094 666 memorantur
1125 597 1251 683 quidem
1281 601 1366 662 actus
1497 619 1498 624 ¹

304 724 390 788 uitae
414 743 489 790 suae
513 743 539 788 c.
558 723 599 788 12
616 722 858 836 qualescumque
882 728 970 788 actus
985 721 1032 787 illi
1046 722 1185 804 fuerunt,
1209 742 1284 788 sanc
1307 741 1368 786 non
1497 719 1498 746 l

304 848 412 930 magni
435 847 594 913 faciendos
619 867 686 913 esse
710 853 742 913 et
763 867 814 912 res
836 834 1075 932 propterquam
1101 847 1238 913 citantur
1255 846 1369 931 etipsa

305 971 423 1038 citandi
445 971 526 1036 ratio
548 971 710 1037 admonet:
737 972 835 1054 Quem
851 986 996 1038 coemunt
1008 976 1112 1037 nocui
1124 973 1238 1037 multoe
1254 975 1371 1037 olomeo

306 1121 423 1178 oenus,
455 1120 589 1184 quorum
612 1119 776 1162 eameram
805 1099 965 1163 collectum
992 1121 1056 1162 uon
1078 1100 1209 1184 repperi
1236 1097 1370 1182 (poterat

306 1222 364 1287 hoo
388 1241 511 1306 quoque
535 1221 573 1287 de
596 1221 723 1306 scriptis
746 1221 884 1288 fontibus
907 1221 1048 1305 intellegi
1071 1223 1103 1287 in
1128 1221 1261 1287 sanioris
1285 1240 1370 1286 men-

306 1346 347 1412 tis
371 1347 526 1430 auetorelz
555 1349 610 1411 aed
631 1350 666 1411 ia
689 1347 810 1412 actibus
832 1350 917 1413 citae
940 1369 1015 1412 suae
1038 1351 1237 1433 copaoseituo·
1259 1345 1371 1432 quibua

306 1474 441 1537 emireus
461 1471 663 1558 temporibus.

381 1595 500 1679 ¹Atque
524 1615 580 1678 ego
604 1595 710 1681 potius
734 1596 772 1661 de
795 1593 888 1660 rebus
906 1597 1002 1678 gestis
1018 1595 1262 1680 intellegendum
1280 1593 1370 1659 credo

307 1739 401 1804 quam
430 1719 468 1784 de
497 1719 578 1785 libro
608 1719 771 1804 quopiam:
805 1720 897 1785 modo
927 1720 1051 1786 dixerat
1079 1725 1189 1786 auctor
1212 1739 1237 1785 o.
1257 1721 1297 1783 11
1323 1737 1368 1784 ex.

309 1847 368 1927 „de
391 1857 452 1930 qao
477 1848 608 1910 eiecerat
630 1868 725 1931 equos
748 1849 833 1932 repis
857 1841 1053 1926 Desiderie'“‚
1077 1844 1145 1914 ¹ianr
1170 1843 1244 1909 inde
1268 1841 1381 1925 colligiv

306 1988 400 2054 posse
430 1967 474 2033 ait
506 1988 567 2052 quo
597 1967 790 2035 Waltharius
825 1969 943 2035 uixerit
975 1974 1125 2054 tempore.
1173 1968 1238 2034 lam
1273 1970 1373 2034 restat

306 2092 462 2159 dubitatio
485 2112 561 2158 num
585 2099 669 2159 recte
692 2093 891 2159 coniunxerit
915 2114 994 2178 quaa
1018 2113 1057 2159 ex
1080 2093 1161 2159 libro
1183 2091 1293 2158 retulit
1309 2091 1370 2157 cl

306 2237 377 2284 oum
401 2218 446 2283 eis
471 2237 551 2302 quae
575 2218 682 2284 audita
705 2218 867 2285 enarranit
888 2238 914 2282 c.
935 2219 1091 2283 10—13:
1120 2217 1201 2282 hanc
1230 2237 1289 2300 ego
1318 2216 1372 2281 du-

307 2342 491 2409 bitationem
515 2361 578 2408 non
602 2340 694 2408 facile
718 2342 810 2407 oredo
835 2342 903 2407 tolli
927 2362 1036 2428 posse:
1061 2341 1174 2408 melius
1190 2361 1266 2407 sano
1290 2341 1372 2406 inter

307 2487 341 2531 se
365 2466 531 2531 coniuncta
554 2471 637 2548 sunt,
663 2486 756 2550 quam
781 2486 851 2532 oum
877 2467 1029 2552 Aquitani
1052 2467 1145 2532 tama.

396 2589 556 2674 Excerpta
589 2595 693 2656 antem
725 2591 874 2656 carminis
903 2611 973 2656 oum
1007 2591 1199 2674 intruderet,
1221 2588 1372 2673 'neglexit

307 2715 444 2800 primum
474 2733 500 2778 c.
522 2714 563 2778 10
590 2714 721 2780 uerbum
755 2717 895 2793 [oseem
930 2719 1039 2780 contra
1068 2735 1095 2781 c.
1115 2717 1155 2780 12
1190 2715 1370 2800 priusquam

307 2836 545 2919 describendum
582 2839 746 2904 mandauit
779 2839 915 2924 scribac,
953 2845 1023 2926 post
1056 2839 1112 2905 lilii
1147 2859 1262 2905 nomen
1297 2839 1372 2904 haee

308 2963 405 3032 uerba
428 2963 549 3028 addidit
572 2984 610 3029 ex
627 2964 780 3029 carmine:
805 2987 895 3051 quem
909 2969 1033 3052 peperat
1047 2969 1076 3030 ei
1091 2967 1266 3050 Hildepuet
1276 2985 1370 3051 proe-

267 3167 268 3171 ,
305 3093 470 3155 nominato
488 3089 608 3176 puell.

396 3212 551 3278 Octauum
575 3218 670 3299 caput
685 3213 788 3280 scriba
811 3212 824 3278 l
848 3213 1006 3295 exaranit3
1031 3215 1100 3299 ipse
1124 3219 1233 3280 auctor
1248 3217 1369 3298 partem

307 3338 459 3402 maiorem
484 3337 632 3404 carminis
657 3338 784 3424 scripsit
807 3338 848 3404 ad
870 3360 900 3404 ιι.
918 3339 999 3420 542;
1023 3338 1068 3405 ibi
1092 3338 1246 3404 sccundus
1270 3336 1371 3404 scriba

307 3461 426 3548 pergit,
461 3462 529 3528 siue
564 3463 646 3546 quod
682 3468 790 3528 auctor
826 3469 898 3530 ante
932 3463 1109 3530 coniecerat
1142 3463 1175 3528 in
1205 3463 1268 3529 alia
1296 3461 1371 3527 tolia

308 3585 487 3652 describens
511 3587 578 3652 sino
602 3587 761 3672 excipiens
785 3609 824 3654 ex
848 3601 901 3654 ora
923 3589 999 3654 fessi
1022 3588 1187 3654 scribendo
1211 3586 1368 3671 magistri3

309 3715 431 3776 sextam
454 3710 508 3776 ille
532 3711 746 3778 membranam
776 3712 875 3778 multo
905 3711 1102 3778 breuioribus
1131 3713 1287 3798 excerptis
1316 3731 1369 3795 op·

307 3835 425 3921 plauit,
455 3855 534 3917 quae
564 3855 604 3901 ne
631 3835 725 3902 linem
755 3838 882 3921 quidem
911 3838 1059 3904 carminis
1089 3843 1234 3921 narrant,
1263 3835 1368 3922 paucis
1498 3841 1499 3844 ’

307 3966 415 4025 tamen
438 3958 543 4026 uerbis
566 3980 637 4024 eum
661 3966 791 4046 possent
819 3960 940 4028 absolui
969 3983 1048 4046 quae
1077 3968 1186 4028 narrat
1208 3960 1368 4028 Ekkehar·
1441 3951 1443 3956 ’

309 4083 367 4148 dus
391 4103 409 4148 a
432 4105 462 4149 u.
483 4085 567 4149 1409
584 4084 623 4150 ad
641 4085 737 4168 1456,
761 4105 824 4152 non
848 4087 1003 4154 excidisse
1025 4087 1241 4154 membranam
1263 4084 1367 4162 oredo;
