3036 4914
208 1261 390 1358 Pousis
421 1263 654 1360 GERALDI
685 1263 755 1359 DE
786 1263 1085 1362 GUALTARIO

598 1484 703 1491 ..-

216 1584 457 1709 Omnipotens
481 1625 614 1709 geuitor,
638 1645 779 1691 summae
801 1625 930 1691 uirtutis
954 1632 1085 1712 amator,

178 1763 250 1832 Iure
275 1768 348 1854 pari
371 1771 526 1852 natusque
550 1767 711 1834 amborum
736 1768 867 1854 spiritus
891 1767 1004 1853 almus,

178 1905 329 1977 Personis
352 1912 464 1996 trinus,
490 1932 566 1978 uera
589 1911 706 1978 deitate
730 1911 784 1978 sed
808 1931 900 1995 unus,

178 2049 238 2130 Qui
261 2055 333 2120 uita
355 2056 466 2122 uiuens
490 2061 602 2121 cuncta
625 2062 656 2120 et
680 2056 747 2120 sine
770 2054 832 2120 line
855 2055 987 2138 tenebiS,

134 2205 149 2258 5
178 2191 364 2264 Pontificem
390 2217 547 2262 summum
570 2203 605 2262 tu
628 2196 717 2262 salua
739 2216 823 2261 nunc
846 2199 878 2262 et
899 2196 932 2260 in
957 2216 1069 2262 aeuum

178 2335 272 2404 Claro
297 2338 564 2406 Erchamboldum
588 2338 759 2422 fulgentem
783 2338 911 2404 nomine
935 2338 1077 2423 dignum,

178 2479 310 2548 Crescat
332 2486 368 2547 ut
390 2482 522 2548 interius
547 2485 655 2547 sancto
680 2481 852 2565 spiramine
876 2479 997 2565 plenus,

176 2620 288 2690 Multis
311 2623 453 2690 inlictum
477 2644 538 2708 quo
562 2623 604 2688 sit
627 2622 821 2689 medicamen
845 2623 877 2687 iu
902 2641 1024 2688 aeuum.

178 2763 312 2834 Praesul
336 2772 443 2833 sancte
467 2766 517 2832 dei
540 2786 624 2831 nunc
648 2765 754 2850 accipe
777 2785 909 2831 munera
932 2765 1027 2848 serui,

120 2919 148 2971 10
178 2905 267 2986 Quae
289 2910 348 2976 tibi
372 2910 512 2976 decreuit
534 2909 573 2974 de
596 2908 685 2991 larga
708 2927 852 2992 promere
876 2927 951 2973 cura

177 3047 329 3118 Peccator
351 3053 473 3135 fragilis
498 3050 650 3118 Geraldus
674 3049 801 3114 nomine
825 3047 908 3131 uilis,
999 3102 1003 3109 ,

178 3191 238 3270 Qui
263 3194 321 3260 tibi
344 3214 417 3260 nam
441 3199 545 3260 certus
569 3192 662 3258 corde
685 3197 794 3276 estque
817 3191 918 3258 fidelis
943 3190 1098 3258 alumnus,

178 3333 268 3413 Quod
293 3336 438 3421 precibus
461 3335 621 3401 dominum
646 3336 762 3418 iugiter
784 3353 894 3420 precor
918 3333 1177 3418 omnitonantem‚

116 3522 118 3528 ,
177 3475 220 3544 Ut
243 3479 436 3546 nanciscaris
459 3479 561 3564 factis,
586 3498 666 3564 quae
689 3496 799 3564 promo
822 3476 967 3562 loquelis,

183 3706 316 3777 Prologus
340 3713 407 3761 estat
431 3716 456 3760 an
481 3727 500 3779 y
571 3705 669 3776 Incipit
693 3704 785 3775 poesis
807 3702 912 3774 geraldi
940 3701 975 3758 de
999 3703 1135 3772 gualterio
1148 3717 1170 3762 ·:·

118 3817 191 3866 minio
210 3815 233 3868 B
253 3813 340 3868 om.T
395 3815 411 3867 6
430 3811 651 3868 erchanboldum
672 3812 694 3866 B
714 3809 937 3867 erchanoaldum
956 3808 974 3864 b
993 3809 1176 3865 erlebalduT

117 3913 132 3966 8
157 3921 248 3976 multis
272 3924 303 3974 ut
325 3917 447 3974 infictum
473 3918 491 3974 b
516 3925 548 3975 ut
571 3940 619 3974 om.
644 3919 693 3974 BT
717 3921 723 3987 1
746 3916 878 3973 infectum
903 3920 943 3972 uel
968 3914 1082 3972 infidum
1110 3924 1176 3972 cont.

119 4017 315 4100 deprecamus
388 4028 421 4081 10
445 4025 521 4092 Quae
544 4025 585 4080 Bb
610 4025 705 4092 QuiT
729 4027 734 4091 Ι
759 4025 793 4079 de
818 4025 894 4094 larga
913 4022 1035 4078 decreuit
1056 4018 1177 4076 Meritus

119 4125 149 4181 12
172 4139 262 4188 certus
285 4131 355 4188 lidus
379 4132 460 4188 corde
479 4131 497 4187 b
515 4130 587 4187 fidus
606 4152 654 4186 om.
673 4131 721 4185 BT
743 4131 747 4200 Ι
767 4136 811 4186 est
828 4145 882 4200 quc
901 4131 924 4184 B
1206 4127 1209 4138 '

923 4233 961 4290 la
