3036 4914
677 459 803 508 xxxvn

201 614 329 702 prolem
358 619 459 684 ortam
490 617 535 684 ait
556 637 651 703 quam
672 633 783 706 posteo
805 624 1006 686 narraturum
1036 640 1070 688 ss
1097 619 1271 707 pollicetur.

201 739 314 826 Atque
336 739 460 828 Geyder
488 741 528 809 do
549 741 656 809 futuro
679 747 821 830 tempore
845 744 926 811 hano
953 764 1063 811 oooem
1087 759 1201 833 perrea
1223 745 1271 813 iu·
1358 828 1361 836 ¹

200 864 344 949 tellegit,
378 885 449 932 oum
478 864 561 932 idem
590 868 633 933 sit
661 867 743 952 quod
771 869 862 954 infru
892 867 983 953 quale
1013 873 1062 934 ost
1089 868 1174 954 apud
1203 867 1272 936 Sal-

200 989 338 1056 lustium
360 989 394 1055 in
417 988 555 1056 Catilina
578 993 664 1074 34‚3
688 995 742 1074 44,
754 994 785 1056 4.
824 990 990 1058 Simillimo
1005 991 1215 1058 Ekkehardus
1230 993 1273 1059 IV

202 1112 279 1180 Cas.
296 1121 327 1199 p.
343 1117 398 1198 62,
410 1115 468 1182 30:
494 1116 599 1181 aabter
620 1130 730 1182 notare
757 1120 956 1182 coronamus:
985 1139 1120 1202 quorum
1141 1121 1273 1182 nomino

203 1240 285 1304 looec
306 1244 387 1305 sont.

298 1362 407 1447 Aeque
429 1362 527 1445 igitur
549 1363 748 1430 consulturus
772 1369 803 1430 et
825 1362 1062 1452 constituendae
1077 1363 1192 1428 rationi
1209 1383 1271 1450 qua

202 1485 357 1552 earminis
384 1487 485 1553 nostri
513 1492 678 1554 contextus
702 1488 744 1554 sit
765 1480 980 1568 formandus*)
1008 1492 1041 1554 ot
1063 1487 1168 1553 studio
1204 1508 1269 1554 sor-

204 1610 311 1676 monis
333 1608 458 1676 illorum
489 1610 684 1677 saeculorum
714 1613 921 1696 cognoscendi
952 1612 1140 1696 glossarium
1173 1611 1273 1679 adieoi

204 1732 432 1801 uocabulorum
467 1755 546 1819 quae
580 1743 688 1804 nostor
721 1738 755 1802 in
790 1739 835 1805 eis
870 1737 1012 1823 partibus
1040 1736 1187 1822 inprimis
1219 1736 1273 1802 ubi

103 1947 106 1952 Ι
204 1859 347 1925 deseruit
369 1857 541 1942 Vergilium
567 1859 719 1927 adhibuit.
759 1860 793 1926 ld
823 1881 1013 1947 quamquam
1041 1880 1104 1926 non
1117 1859 1272 1955 ,omnibus

205 2004 248 2051 ex
276 1983 416 2049 numeris
447 1983 624 2050 absolutum
655 1986 736 2069 seio,
766 1991 872 2052 tamen
900 2005 963 2051 non
992 2005 1104 2052 uereor
1125 2005 1166 2052 ne
1190 1985 1273 2069 quod

204 2107 394 2175 uocabulum
430 2112 486 2173 aut
521 2108 707 2175 inusitatum
746 2110 904 2175 ueteribus
942 2115 998 2176 out
1033 2108 1117 2195 apud
1151 2107 1272 2195 priscos

205 2238 331 2301 tautum
355 2237 498 2299 auctores
528 2252 695 2300 oouurrons
724 2234 899 2300 omiserim:
929 2238 1074 2299 notorum
1103 2232 1272 2300 uocabulo-

204 2360 276 2424 'rum
307 2377 419 2443 parum
454 2357 602 2423 usitatam
634 2358 795 2424 notionem
823 2358 850 2424 si
881 2358 1005 2442 quaudo
1040 2377 1102 2423 uon
1134 2357 1271 2443 respexi,

204 2482 333 2549 ueniam
356 2481 449 2547 iacile
471 2501 522 2548 me
545 2501 638 2568 spero
662 2482 905 2568 inpetraturum.

276 2632 279 2640 ·
298 2603 332 2672 Si
360 2625 437 2672 uera
465 2611 539 2672 suut
562 2626 642 2691 quae
666 2606 704 2672 da
727 2606 832 2672 indole
854 2605 1006 2682 librorum
1029 2606 1126 2692 primi
1152 2605 1271 2672 ordinis

205 2731 422 2817 exposuimus,
445 2736 478 2797 et
495 2738 570 2796 sunt
587 2750 672 2814 uera,
696 2751 759 2797 non
783 2732 889 2798 omnia
905 2751 1119 2816 quaecumque
1143 2734 1273 2815 peecata

205 2861 282 2924 sunt
314 2859 424 2921 eontra
458 2855 605 2922 metricas
644 2861 676 2922 et
712 2854 914 2942 prosodiaeas
951 2855 1091 2921 rationes
1130 2854 1271 2940 priorum

205 2984 371 3066 poetarum
396 2979 434 3044 ab
457 2979 527 3064 ipso
550 2983 679 3045 auctore
701 2977 867 3045 Woltharii
895 2979 972 3046 satis
995 2999 1094 3063 gnaro
1118 2977 1272 3062 Vergilia·
1306 3013 1310 3024 =

205 3123 320 3170 norum
350 3123 479 3190 operum
511 3102 667 3169 eoumissa
689 3102 906 3169 iudicabimus.
946 3102 1032 3182 Quae
1056 3121 1093 3168 aa
1115 3102 1187 3188 ipsa
1210 3120 1272 3187 qua

206 3229 290 3296 uixit
321 3232 423 3295 aetate
457 3227 611 3294 solemnia
642 3227 740 3294 fuisse
778 3233 833 3293 aut
867 3247 906 3294 ex
941 3225 1074 3293 aliorum
1106 3231 1270 3312 poetarum

207 3352 352 3438 exemplo
376 3351 563 3438 oonprobari
586 3356 767 3437 potestant
790 3350 950 3435 analogia,
980 3351 1146 3418 retinenda
1168 3355 1271 3434 erunt,

206 3484 312 3545 estora
335 3481 440 3543 autem
464 3475 612 3543 tollenda.
647 3475 695 3542 Ea
717 3477 814 3559 igitur
830 3476 952 3542 rationo
967 3475 1164 3544 defendenda
1180 3480 1272 3542 arunt

279 3687 308 3753 ὕ)
326 3700 351 3741 e.
364 3702 392 3755 g.
408 3684 494 3740 uerba
512 3699 573 3740 euru
593 3687 634 3740 dir
653 3685 795 3754 conposita
814 3685 890 3740 uelut
907 3687 1034 3761 dpfopero
1052 3686 1178 3740 discutere
1195 3685 1271 3740 dirat-

194 3797 254 3848 .ttra
272 3792 387 3848 eandem
406 3791 446 3846 eis
465 3791 635 3860 temporibus
659 3792 798 3848 notionem
817 3792 994 3848 ndsoiuerunt
1012 3805 1084 3860 quaa
1106 3771 1170 3846 olim
1188 3789 1270 3846 habo-

206 3899 274 3955 bant
292 3899 435 3967 conposita
452 3913 514 3952 oum
538 3899 583 3952 de:
607 3903 689 3966 atque
712 3899 754 3953 uti
777 3901 821 3952 est
842 3897 1025 3954 inconstantia
1049 3897 1204 3967 promiscue
1222 3909 1269 3964 po·
1357 3906 1359 3911 ·

206 3991 308 4060 uantur
327 4005 453 4077 diffupm
471 4006 499 4058 et
517 4005 650 4075 desupero:
670 4002 739 4058 haee
757 4003 869 4058 attalia
887 4001 942 4058 non
954 4001 1064 4059 turbata
1075 4017 1125 4071 per
1137 4000 1269 4072 librarios,

206 4110 257 4166 sed
276 4108 389 4180 abipso
407 4113 518 4164 auctore
537 4113 602 4164 sunt
618 4107 750 4178 proseuta.
