3022 4920
829 419 873 484 50

407 597 467 663 Est
490 595 582 662 modo
606 597 808 681 pugnandum
825 595 959 678 tibimet,
983 615 1045 660 non
1063 591 1346 661 sermocinandum?

408 718 499 784 Dixit
520 725 552 784 et
574 719 607 783 in
631 720 727 786 uerbo
751 722 901 787 nodosam
925 720 1064 786 destinat
1085 720 1221 801 hastam,

409 842 546 928 Cuspide
569 864 663 927 quarn
687 847 816 931 propria
840 845 999 912 diuertens
1024 843 1186 911 transtulit
1208 842 1307 923 heros,

319 984 372 1037 890
407 967 493 1046 Quae
518 969 668 1036 subueota
691 969 794 1035 choris
819 990 855 1036 aa
877 970 999 1036 uiribus
1023 976 1094 1035 acta
1115 968 1249 1034 furentis

408 1094 442 1160 ln
467 1099 605 1158 castrum
630 1095 716 1159 uenit
741 1099 834 1180 atque
857 1096 952 1181 pedes
977 1096 1065 1162 stetit
1089 1100 1162 1160 ante
1184 1091 1316 1180 puellae.

408 1218 480 1304 Ipsa
504 1225 589 1284 metu
613 1218 757 1304 perculsa
779 1239 888 1285 sonum
914 1219 1072 1306 prompsit
1093 1217 1289 1284 muliebrem.

408 1343 451 1408 At
474 1348 641 1428 postquam
664 1345 769 1410 tenuis
792 1344 930 1410 reditio
954 1343 1139 1429 praecordia
1162 1343 1272 1424 uirtus,

407 1465 540 1532 Paulum
565 1469 739 1553 suspiciens
763 1474 894 1563 spectat,
918 1489 993 1534 num
1020 1467 1140 1534 uiueret
1163 1466 1264 1532 heros.

319 1605 372 1658 895
452 1590 532 1656 Turn
557 1612 680 1675 quoque
703 1595 753 1658 uir
775 1594 865 1660 fortis
890 1593 1046 1660 Franeum
1069 1591 1230 1658 discedere
1253 1590 1332 1657 bello

409 1715 510 1780 lussit.
547 1721 579 1782 at
602 1717 655 1783 ille
677 1719 785 1783 furens
808 1718 946 1801 gladium
971 1717 1103 1783 nudauit
1126 1723 1159 1783 et
1179 1717 1283 1803 ipsum

301 1875 304 1880 ·
408 1840 574 1906 Incurrens
598 1843 689 1926 petiit
711 1843 887 1928 uulnusque
911 1865 930 1908 a
952 1842 1070 1908 uertice
1092 1841 1197 1908 librat.
1239 1915 1241 1920 λ

409 1965 598 2050 Alpharides
622 1957 764 2051 parmam
788 1969 914 2034 demum
938 1971 1138 2034 concusserat
1161 1971 1268 2052 aptam

408 2090 450 2155 Et
474 2093 650 2177 spumantis
674 2094 743 2178 apori
767 2094 915 2160 frendens
940 2093 978 2158 de
1001 2112 1088 2158 more
1111 2091 1245 2158 tacebat.

320 2231 372 2282 900
409 2214 464 2281 llle
488 2217 583 2282 ferire
608 2217 714 2283 uolens
739 2239 773 2284 se
797 2220 925 2304 pronior
948 2217 1050 2282 omnis
1075 2216 1234 2282 adiutum

409 2340 575 2426 Exposuit,
600 2343 654 2408 scd
678 2343 870 2409 Waltharius
894 2343 951 2409 sub
975 2342 1114 2424 tegmine
1135 2339 1235 2406 flexus

410 2463 544 2532 Dolituit
566 2486 741 2552 corpusque
765 2489 855 2533 suum
880 2466 1038 2533 contraxit
1060 2471 1092 2532 ot
1115 2485 1185 2532 acco

410 2589 546 2656 Uulnere
569 2591 695 2657 delusus
719 2593 843 2657 iuuenis
867 2591 1027 2657 recidebat
1049 2590 1184 2675 ineptus.

410 2713 496 2778 Finis
521 2719 598 2796 erat,
622 2715 682 2780 nisi
706 2717 789 2799 quod
813 2717 943 2799 genibus
968 2715 1080 2782 tellure
1103 2713 1209 2780 relisis

322 2854 374 2907 905
410 2837 547 2921 Belliger
571 2837 716 2904 accubuit
738 2838 932 2924 calibemque
955 2841 1013 2906 sub
1037 2839 1112 2906 orbs
1135 2821 1277 2906 canebat.

410 2961 470 3027 Hio
492 2962 566 3026 dum
591 2965 761 3047 consurgit,
786 2965 906 3048 pariter
929 2985 963 3031 se
987 2964 1121 3046 subrigit
1144 2963 1197 3030 ille

409 3087 458 3151 Ao
481 3087 572 3152 citius
597 3094 719 3154 scutum
744 3089 885 3174 trepidus
907 3089 969 3156 sibi
993 3089 1144 3174 praetulit
1167 3094 1261 3173 atque

320 3357 387 3403 reete
407 3347 501 3402 Mulier
520 3353 644 3414 intellexit,
662 3371 712 3420 pre
731 3353 833 3406 aciebus
849 3360 961 3422 positam
978 3353 1087 3423 pulutat
1101 3353 1203 3406 Fischer
1215 3355 1278 3406 conl
1291 3352 1380 3424 Vespil.
1493 3379 1494 3428 ᾗ

324 3457 357 3509 Aa
374 3456 399 3508 V
414 3455 472 3509 581.
544 3453 597 3509 892
615 3471 746 3524 percussa
763 3458 789 3510 D
805 3459 810 3524 Ι
825 3458 941 3526 promsit
960 3458 984 3512 Α
1050 3459 1103 3514 893
1122 3457 1169 3526 At]
1188 3457 1225 3512 Et
1242 3458 1266 3512 T
1285 3459 1381 3525 uirtus]

322 3561 435 3629 sanguis
454 3560 495 3615 Bb
549 3561 748 3616 894Pau101)
805 3565 858 3618 895
876 3564 947 3618 Turn
967 3586 988 3618 ω
1007 3565 1086 3618 Tunc
1106 3564 1207 3618 Fischer
1222 3567 1227 3631 Ι
1243 3564 1382 3620 discedere

322 3667 423 3721 ADBT
442 3666 609 3721 decederet)
630 3670 709 3738 (qaod
724 3689 764 3722 aa.
777 3670 830 3723 340
846 3671 900 3723 942
917 3671 971 3725 958
989 3678 1027 3724 eat
1044 3679 1071 3724 in
1090 3674 1121 3734 0)
1175 3670 1228 3724 899
1248 3668 1382 3730 morllaA
1493 3717 1494 3744 Ι

322 3774 375 3828 ooo
394 3772 554 3826 auratums
609 3774 661 3828 eos
679 3775 806 3829 iuuenem
828 3774 937 3844 decepit
955 3776 1086 3846 ineptum.
1105 3775 1131 3829 u
1185 3775 1239 3830 sos
1257 3775 1382 3831 osannae
1493 3758 1494 3771 '

322 3877 442 3931 Moribus
457 3879 461 3946 Ι
477 3879 589 3950 galren,
603 3883 692 3952 (antiq.
704 3901 735 3932 m.
747 3901 781 3936 ee.
795 3881 954 3951 calibemq3)
968 3881 993 3934 D
1010 3883 1014 3948 Ι
1030 3873 1150 3950 cubabat
1163 3884 1253 3954 (antiq.
1262 3902 1329 3937 corr.
1341 3886 1382 3948 m.)

322 3984 347 4037 D
366 3982 483 4038 acuebat
501 3984 596 4040 Molter
666 3987 718 4040 906
740 3987 792 4041 Hic
817 3993 874 4041 tum
899 3987 923 4040 D
947 3989 952 4054 Ι
976 3988 1133 4056 pariterque
1156 3988 1230 4042 seT
1254 3988 1260 4054 Ι
1283 3988 1381 4057 ipseB

322 4090 373 4142 907
392 4089 497 4158 trepida
516 4090 538 4144 C
