3036 4914
604 462 690 510 nxm

120 619 320 687 Elkehardus
346 621 492 687 editionis
508 626 633 707 tempus
657 619 856 704 significauit.
889 620 958 687 Non
976 622 1079 708 potuit
1093 620 1178 688 Wal-

119 743 231 810 tbarius
255 747 359 812 emitti
384 745 422 812 ab
447 767 484 813 eo
500 745 639 836 Aribone
662 751 799 830 regente,
824 746 851 811 si
874 745 933 812 sub
949 721 1179 812 Erehamboldo

118 868 217 934 emisit
230 867 398 936 Geraldus.
429 871 531 954 Atque
547 891 604 954 ego
620 890 659 936 ne
675 889 797 937 errasse
813 869 938 954 quidem
955 875 1108 953 nostrum,
1125 869 1178 936 sed

118 1013 221 1077 parum
250 1003 399 1062 accurate
421 994 558 1062 locutum
583 995 734 1061 dixerim:
759 996 792 1060 in
816 1015 947 1079 eamque
970 1015 1036 1061 rem
1061 996 1180 1080 optime
1279 966 1281 970 ¹

118 1116 187 1183 facit
211 1117 294 1185 alius
320 1120 447 1204 quidam
471 1119 608 1186 Casuum
635 1117 739 1202 locus,
768 1120 822 1204 qui
853 1125 901 1186 est
928 1120 959 1184 in
987 1119 1058 1206 ipsa
1084 1119 1178 1204 primi

119 1239 294 1310 llklrehardi
311 1245 388 1328 uita,
412 1245 465 1311 ubi
483 1246 673 1311 narratoris
697 1242 862 1329 scripsisse
888 1247 946 1327 „de
969 1257 1078 1310 sanctu
1093 1244 1180 1330 Afra

119 1370 329 1455 uatipbouias,
347 1383 382 1435 ut
395 1371 548 1457 reliquias
564 1374 630 1435 cius
645 1381 823 1450 mercetur,
843 1369 992 1434 mitoldo
1011 1367 1179 1456 episcopo“

121 1496 147 1555 at
167 1497 311 1560 mortuus
327 1500 377 1561 est
390 1493 599 1560 Ekkehardus
623 1514 651 1558 a.
669 1494 744 1578 973,
768 1491 933 1559 Luitoldus
955 1513 1037 1560 anno
1054 1493 1179 1560 demum

121 1615 175 1680 989
198 1617 407 1702 Augustanus
432 1619 598 1705 episeopus
620 1618 722 1684 factus
746 1624 808 1684 est:
837 1617 935 1702 igitur
962 1623 1071 1684 auctor
1097 1617 1180 1702 quod

121 1743 247 1809 suumin
260 1749 390 1830 tempus
402 1743 619 1825 conueniebat
632 1743 665 1808 in
677 1742 754 1808 illud
767 1743 830 1808 iam
843 1742 1013 1808 transtulit.
1029 1742 1181 1808 Similiter

121 1870 218 1932 noster
233 1889 266 1954 p.
283 1871 360 1952 123,
371 1869 413 1933 33
430 1867 493 1933 iam
507 1887 534 1932 a.
548 1868 613 1932 965
629 1866 870 1933 Ruodmannum
883 1867 1091 1950 Aegiensium
1106 1867 1183 1932 dicit

121 1987 268 2076 abbatem,
287 1993 329 2058 ad
342 2012 436 2078 qnam
448 1992 502 2058 ille
517 1993 702 2075 dignitatem
719 1998 840 2077 septem
860 1993 986 2058 demum
1004 1992 1094 2058 annis
1113 2000 1183 2077 post

122 2114 283 2195 perductus
314 2123 371 2183 est
410 2116 509 2182 Plane
538 2117 620 2182 idem
645 2116 704 2182 boo
726 2116 795 2182 loco
818 2118 950 2183 factum:
982 2110 1098 2198 Ambo,
1128 2117 1181 2200 qui

122 2245 223 2322 postea
244 2243 351 2309 factus
374 2248 423 2308 est
446 2241 710 2327 archiepiscopus,
734 2261 804 2306 cum
826 2241 931 2323 regius
948 2245 1032 2307 esset
1047 2240 1182 2326 capella-

122 2381 173 2429 nus
200 2366 290 2448 (Vita
318 2367 502 2436 bleinwerki
530 2387 581 2451 ap.
598 2365 701 2432 Pertz.
720 2364 775 2430 SS.
792 2364 837 2432 XI
856 2367 931 2446 145)
955 2365 1181 2432 Ekkehardum

122 2485 256 2559 hortatus
274 2468 400 2576 eratut
410 2490 750 2571 edorstWaltbarium;
766 2491 880 2557 iterum
893 2497 1061 2576 postquam
1077 2490 1183 2557 sedem

122 2610 335 2698 lloguntinam
359 2622 492 2682 nanctus
521 2622 583 2699 est,
612 2616 712 2682 eidem
737 2615 901 2681 mandauit
924 2622 959 2681 ut
988 2640 1118 2700 „uersus
1140 2619 1185 2680 ad

67 2752 70 2756 ’
119 2741 258 2823 pidaras
289 2745 399 2808 domae
428 2744 550 2820 domiui
572 2738 798 2829 Mopuutioae“
829 2744 1029 2826 conponeret.
1067 2739 1183 2806 Nostro

123 2869 221 2932 sutem
244 2887 310 2934 non
333 2873 403 2934 erat
424 2887 520 2934 causa
542 2885 598 2932 cur
621 2865 797 2932 accuratius
826 2872 970 2951 tempora
993 2865 1184 2931 discerneret

124 2987 264 3074 adposita
287 3013 363 3059 uoce
382 3006 468 3081 post,
493 2991 576 3077 qnod
598 2991 667 3076 ipse
690 2973 766 3056 sane
789 2989 1014 3056 subintellexit.

208 3117 253 3185 At
277 3117 334 3184 hoc
358 3117 462 3203 ipsum
486 3116 578 3182 uideo
595 3091 781 3199 quibusdam
799 3113 1027 3180 dubitationem
1045 3132 1183 3196 mouere,

126 3240 202 3320 quod
230 3243 341 3310 eodem
370 3262 471 3328 paene
499 3246 656 3326 tompore,
692 3245 724 3306 et
753 3239 835 3324 quod
870 3237 942 3325 plus
972 3244 1020 3304 est
1053 3237 1182 3328 eodem

125 3359 220 3451 loeo,
251 3371 385 3451 utraque
413 3371 462 3432 est
489 3371 565 3432 nata
592 3364 741 3432 recensio.
783 3369 815 3429 at
844 3364 1053 3442 estfactum,
1083 3383 1184 3447 noque

126 3485 184 3554 ullo
212 3491 307 3558 modo
336 3492 445 3574 negari
475 3495 595 3576 potest,
627 3489 751 3556 etiamsi
777 3489 932 3574 quomodo
955 3488 1094 3574 potuerit
1116 3487 1185 3553 fieri

126 3629 185 3680 non
206 3616 435 3700 intellegamus.
473 3616 517 3680 At
545 3613 649 3680 hercle
672 3614 748 3680 mibi
773 3635 835 3680 non
858 3620 925 3680 tum
949 3613 1086 3680 absurda
1108 3612 1186 3680 baeo

127 3753 173 3802 res
195 3741 335 3808 uidetur:
360 3742 456 3807 immo
481 3739 563 3824 quod
587 3739 696 3805 eedem
721 3739 753 3805 in
777 3739 854 3806 urbs
871 3745 961 3805 erant
975 3737 1186 3804 Ekkehardus

128 3865 346 3950 aderaldus,
377 3865 428 3931 uel
457 3864 565 3931 eadem
590 3865 623 3928 in
646 3863 784 3948 regione,
811 3863 934 3930 facilius
957 3863 1105 3947 intellego
1130 3884 1186 3950 po-

129 3988 221 4059 tuisse
249 3991 333 4076 lieri,
369 3997 404 4056 ut
432 3989 540 4056 eodem
570 4009 671 4074 paene
699 3992 840 4075 tempore
868 3987 948 4054 duae
977 3988 1026 4053 edi
1058 3994 1187 4075 possent

129 4119 320 4186 recensiones
345 4116 444 4182 altera
467 4122 539 4200 post
562 4113 704 4198 alteram,
728 4133 822 4197 quam
840 4113 867 4178 si
882 4112 1015 4179 diuersis
1031 4112 1187 4178 uixissent
