3036 4914
603 467 662 514 Lxl

100 621 203 687 bimus.
229 643 336 708 neque
362 623 419 690 boo
443 627 507 690 tam
532 646 626 713 saepe
650 647 744 710 quarn
768 625 871 712 possis
887 647 926 692 cx
942 627 1042 713 ipsius
1059 627 1163 694 uerbis

98 746 245 831 suspicari
270 767 357 832 quaa
379 748 457 814 facit
478 750 510 815 in
528 749 661 818 Casibus
682 750 702 816 l.
720 750 739 816 l.
766 754 860 835 atqua
883 751 916 816 in
939 752 1079 818 carmina
1102 773 1163 838 quo

97 868 278 938 Ymmonem
310 873 444 939 fratrem
476 875 625 942 admonet
655 875 883 958 germanismos
912 880 948 940 ut
970 883 1090 942 causat.
1132 882 1165 942 at

97 1015 131 1061 uc
151 995 228 1062 illud
259 997 392 1082 quidem
423 999 516 1085 plane
545 1007 694 1088 apparet,
723 999 825 1084 qualis
854 999 950 1066 inerit
971 1000 1163 1068 Ekkehardo

98 1121 358 1188 tentonismurum
389 1124 485 1190 notio.
525 1146 606 1209 quae
640 1124 734 1209 uulgo
764 1129 921 1190 nostrates
949 1125 1008 1192 hoo
1037 1127 1162 1192 nomine
1227 1190 1232 1202 ,

100 1244 284 1331 significant,
323 1247 409 1314 illius
439 1251 562 1332 generis
592 1271 654 1316 non
684 1271 753 1316 csse
783 1271 821 1315 ax
851 1250 951 1335 ipsios
980 1249 1162 1316 Ekkehardi

100 1389 231 1438 sermone
263 1373 433 1459 docemur,
469 1375 522 1460 qui
553 1397 579 1443 e.
604 1377 897 1459 praelocutorem
932 1376 1036 1440 achate
1058 1376 1164 1440 holten

104 1491 190 1580 babet,
216 1519 303 1582 quac
329 1520 392 1566 uox
417 1503 448 1566 et
474 1498 520 1564 illi
550 1467 677 1568 saeculo
706 1507 747 1566 et·
766 1498 993 1584 posterioribus
1022 1499 1163 1565 usitatis·

103 1618 168 1686 sima
191 1629 274 1690 crat.

177 1745 366 1824 Quominus
390 1755 494 1816 autam
525 1748 556 1813 in
585 1747 728 1834 partibus
753 1749 901 1814 carminis
926 1768 944 1813 a
968 1747 1105 1831 Vergilio
1131 1755 1163 1814 et

101 1886 233 1938 sermono
258 1880 294 1941 et
320 1874 467 1960 rhythmo
496 1872 736 1939 abhorrentibus
766 1872 930 1938 insudasse
958 1872 1162 1938 emendandis

101 1997 183 2076 atque
211 1997 415 2065 inmutandis
439 2019 510 2064 cum
534 1997 714 2080 credamus,
745 1998 850 2064 obstat
866 1973 972 2083 ⁶ipsius
999 1996 1162 2079 ingenium

101 2121 243 2204 temporis
269 2123 359 2216 uitiis
383 2123 483 2188 multo
508 2122 608 2205 magis
637 2121 808 2210 obnoxium
838 2141 932 2205 quam
961 2121 1065 2187 fuerat
1093 2122 1162 2207 ipso

102 2248 192 2324 poeta.
229 2245 322 2325 Quae
352 2269 448 2333 opera
471 2247 497 2313 si
522 2247 572 2312 aui
595 2265 706 2332 parum
731 2246 827 2328 digna
850 2246 994 2312 uideatur
1017 2245 1162 2331 superbis

102 2365 220 2436 editoris
245 2373 371 2455 nomio,
401 2377 435 2438 ut
458 2372 620 2437 minuatur
642 2370 839 2456 aliquantum
868 2371 1034 2454 iactantia,
1063 2371 1162 2437 adnu-

102 2499 230 2561 meretur
255 2496 409 2564 molestus
426 2497 541 2581 utique
564 2494 653 2561 labor
677 2495 819 2578 elegendi
843 2517 881 2562 ex
906 2496 1064 2562 uariarum
1082 2517 1162 2580 quae
1244 2581 1248 2586 „

103 2613 173 2682 solet
205 2619 338 2688 ineditis
374 2621 500 2706 scriptis
533 2619 718 2706 plerumque
753 2620 853 2686 adiita
888 2641 956 2686 esse
990 2620 1161 2686 lectionum

102 2735 252 2827 farragine
278 2765 358 2831 quaa
382 2751 487 2812 essent
517 2745 697 2831 aptissima,
730 2744 769 2810 ad
796 2746 854 2812 hoc
882 2765 1003 2812 errores
1028 2745 1083 2829 qui
1106 2745 1162 2810 uix
1222 2801 1225 2804 .

102 2862 213 2935 uitandi
238 2871 361 2938 auctori
384 2869 514 2936 tollendi
539 2868 577 2936 ab
601 2869 729 2935 editore.
770 2869 805 2934 ld
834 2871 941 2955 utique
968 2871 1030 2937 erit
1052 2876 1161 2936 tenen·

102 2986 178 3076 dum,
203 3015 275 3064 cum
301 3001 370 3066 uter
393 2994 504 3062 melior
520 2995 617 3061 fuerit
637 2996 766 3076 luanus,
791 2994 891 3060 editor
916 3016 955 3061 an
980 3000 1098 3078 auctor,
1123 3015 1162 3061 ox

101 3115 259 3205 utriusque
289 3125 443 3206 appareat
475 3119 682 3202 carminibus,
718 3125 859 3185 nostrum
891 3119 957 3185 siue
985 3118 1162 3202 corrigendi

102 3239 197 3307 studio
227 3245 296 3312 sine
324 3266 424 3332 prauo
459 3245 575 3311 iudicio
610 3244 777 3331 abreptum
806 3265 863 3331 pro
893 3245 976 3311 ueris
1004 3263 1161 3310 nonnum-

103 3380 188 3444 quam
214 3369 318 3436 uideri
340 3369 422 3437 falsa
446 3370 619 3457 scripsisse.

152 3493 495 3580 ·Quantulnscumque
528 3496 589 3561 fuit
623 3495 690 3560 eins
724 3494 829 3577 labor,
865 3514 1020 3560 summam
1055 3500 1162 3560 tamen
1258 3478 1259 3482 ¹

103 3608 175 3682 liber
203 3620 288 3706 apud
317 3619 463 3704 aequales
493 3624 625 3686 nanctus
654 3623 702 3686 esi
730 3619 863 3702 gratiam
892 3639 952 3702 quo
981 3617 1161 3703 Ungrorum
1233 3675 1237 3688 .

102 3734 287 3829 innasiones‚
312 3765 443 3830 quarum
467 3744 607 3810 nondum
631 3744 771 3810 obsoleta
787 3749 856 3810 erat
879 3744 1041 3828 memoria,
1065 3764 1163 3830 pone·

103 3872 206 3936 rentur
229 3870 268 3938 ob
291 3869 406 3937 oculos.
446 3869 542 3936 Breni
570 3869 666 3953 igitur
695 3889 751 3955 per
779 3875 894 3935 terras
910 3875 978 3935 erat
1000 3868 1162 3952 diuulgata

105 3993 133 4054 et
159 3991 234 4062 baec
262 4000 294 4061 et
323 4015 403 4080 quae
432 3999 505 4080 post
530 3995 633 4060 factae
667 3998 742 4060 suni
774 3994 981 4061 recensiones.
1028 4013 1160 4078 quarum

105 4109 197 4186 altera
227 4127 249 4205 β
278 4120 403 4204 quando
437 4120 479 4185 sii
512 4124 587 4186 nata
620 4119 793 4201 nescimus3
824 4120 947 4204 quando
962 4215 966 4225 1
979 4118 1090 4202 tortia,
1122 4138 1159 4184 ex
