3036 4914
1507 294 1513 447 y

771 477 823 522 XX

346 709 459 784 Porro
489 707 534 782 de
562 708 786 802 singulorum
812 707 987 782 librorum
1013 667 1131 805 pretio
1159 707 1249 780 haec
1502 458 1513 876 ¹

633 848 967 924 animaduertenda:

215 1035 237 1072 α
266 1006 315 1073 Ne
348 1007 539 1073 recensionis
574 1034 596 1071 α
631 1006 825 1092 exemplaria
860 1005 972 1091 quibus
1008 1005 1175 1072 utebantur
1203 1012 1224 1090 β
1255 1009 1332 1084 etr

268 1136 410 1197 auctores
432 1130 530 1196 libros
561 1131 588 1195 A
617 1135 649 1196 ct
675 1130 699 1195 C
721 1131 808 1215 ipsos
831 1129 929 1194 fnisse
951 1128 1071 1212 credas,
1102 1133 1187 1196 aetas
1215 1147 1276 1212 qna
1298 1127 1332 1191 hi

266 1255 377 1341 scripti
400 1260 474 1321 sont
495 1255 681 1338 refragatur.
718 1253 905 1319 Communia
928 1258 1034 1319 tamen
1058 1252 1221 1340 archetypi
1239 1269 1331 1334 gene-

267 1380 311 1445 ris
335 1406 356 1444 a
380 1398 451 1444 oum
481 1378 660 1465 archetypis
682 1385 704 1464 β
727 1384 758 1444 ot
780 1406 801 1460 y
824 1382 915 1444 erant
943 1378 1037 1461 uitia,
1069 1398 1149 1462 qnae
1178 1397 1241 1442 non
1264 1395 1331 1442 cor-

268 1508 354 1570 recta
383 1502 480 1570 hahes
509 1505 542 1568 in
574 1531 612 1586 α,
643 1508 782 1569 correcta
811 1503 844 1567 in
874 1501 963 1568 libris
986 1509 1028 1586 βγ
1052 1502 1101 1568 uel
1125 1501 1258 1585 singulis
1281 1499 1332 1567 uel

226 1649 229 1655 ·
268 1627 422 1694 omnibus
449 1627 502 1694 Sic
519 1629 582 1693 138
608 1628 817 1714 Ampta'ficudo
842 1630 969 1713 quidem
991 1640 1019 1692 te
1040 1651 1115 1692 rure
1138 1624 1330 1712 domiqueA

267 1753 336 1819 siue
359 1752 462 1819 medio
486 1753 553 1818 siue
582 1757 722 1818 extremo
745 1752 778 1815 in
802 1771 896 1816 uersu
925 1751 1041 1816 omisso
1070 1750 1237 1818 uocabulo:
1267 1749 1330 1814 iam

267 1875 363 1962 (iqui
387 1875 486 1943 multo
510 1877 647 1943 deterior
671 1895 763 1960 qnam
781 1875 810 1940 A
826 1895 927 1959 neque
950 1874 1030 1941 liber
1054 1877 1093 1942 ab
1116 1873 1332 1960 interpolatio-

267 2002 374 2085 nibuS‚
394 2005 522 2089 pariter
545 2000 680 2083 addidit,
702 2005 793 2086 paeda
815 2005 846 2084 β,
874 2001 968 2065 ualde
990 2002 1045 2081 yd:
1077 2007 1109 2067 at
1133 1999 1332 2066 animaduer-

266 2127 396 2194 tendum
421 2126 559 2193 codicem
585 2125 614 2190 H
638 2125 676 2191 de
706 2125 793 2190 ouius
823 2123 895 2189 libri
919 2125 1021 2210 pretio
1050 2112 1133 2190 infra
1158 2124 1332 2190 disseretur

265 2251 412 2317 lacunam
435 2271 534 2336 aeque
557 2251 688 2317 habere:
718 2269 776 2315 nec
805 2248 989 2333 quidquam,
1005 2270 1044 2314 ex
1069 2250 1139 2315 istis
1168 2249 1331 2315 conatibus

213 2459 215 2463 ι
268 2395 437 2464 apparere,
472 2395 567 2459 quam
601 2374 733 2440 lacunae
768 2371 908 2458 signnm
927 2375 1084 2460 quoddam
1121 2373 1265 2442 extitisse
1298 2373 1331 2438 in

268 2499 446 2586 archetypis
470 2504 543 2584 post
565 2503 699 2586 quidem.

125 2633 131 2644 “
267 2645 297 2690 u.
337 2625 403 2689 324
428 2623 505 2688 Inde
527 2622 623 2717 hahes
646 2624 680 2688 in
703 2650 735 2706 α,
760 2624 843 2708 qnod
866 2629 967 2690 metro
994 2643 1170 2710 repugnare
1194 2623 1330 2688 sentien-

427 2752 474 2812 tes
498 2745 546 2811 illi
569 2747 800 2833 rescripserunt
826 2748 976 2814 Tandem.

267 2892 297 2936 u.
338 2871 402 2936 588
428 2872 482 2938 sn
507 2885 563 2938 eat
584 2873 667 2936 undo
690 2877 780 2937 centa
803 2897 864 2960 quo
888 2897 1017 2961 perpere
1040 2875 1158 2952 tendam
1185 2869 1330 2954 neglexe-

426 3001 502 3062 runt
525 2993 583 3062 hoc
600 2997 756 3080 corrigere
771 2997 819 3062 illi
835 3004 1056 3084 praeterquam
1073 2997 1156 3082 quod
1172 2996 1332 3082 adscripta

428 3128 475 3187 est
497 3121 633 3204 margini
650 3122 833 3188 emendatio
857 3122 890 3188 in
913 3123 942 3207 b,
966 3123 1069 3189 textui
1091 3122 1190 3188 inlata
1212 3122 1244 3187 in
1268 3119 1304 3186 T.

267 3265 298 3310 n.
338 3245 401 3310 791
426 3269 569 3311 ouumoao
594 3266 651 3332 pro
675 3271 842 3334 squamoso
867 3248 929 3313 αΙ).

267 3388 297 3433 u.
337 3369 402 3433 995
425 3373 520 3437 ocidit
542 3397 574 3453 α,
599 3372 859 3458 suprascriptae
882 3376 1056 3438 correctum
1080 3373 1113 3436 in
1136 3369 1172 3454 d,
1195 3371 1333 3435 acidane

426 3494 532 3560 ceteri.

267 3637 297 3682 u.
317 3618 400 3682 1431
427 3623 457 3683 aa'
479 3642 543 3705 qua
567 3622 644 3686 adeo
668 3620 739 3704 AD,
771 3623 950 3707 siquando
975 3641 1014 3686 ex
1038 3621 1174 3685 u.1440
1197 3619 1331 3684 aduoca-

426 3746 502 3807 runt
520 3741 583 3808 BT.
1176 3736 1178 3738 ¹

267 3886 297 3932 u.
317 3855 402 3931 1075
426 3867 591 3954 Deprecor
617 3891 675 3955 per
702 3891 832 3956 superea
862 3868 891 3933 A
931 3868 1014 3953 qnod
1042 3869 1119 3935 terri
1147 3887 1210 3933 non
1239 3887 1330 3953 posse

426 3990 547 4076 primus
586 3990 610 4058 G
649 3991 874 4058 animaduertit
913 3993 1115 4078 reposuitque
1159 3992 1203 4059 Te
1235 4017 1329 4081 rope,-

427 4115 508 4181 maie
531 4116 601 4182 uitii
625 4115 731 4183 sedem
755 4118 788 4182 in
811 4106 1045 4204 praepositione
1069 4137 1137 4184 csse
1157 4118 1219 4182 rati
1236 4119 1329 4184 aeteri
