3036 4914
728 455 798 502 xhv

323 611 364 678 Ut
387 613 456 698 ipse
479 611 507 678 ll
531 616 551 679 9
576 633 625 679 ax.
650 612 787 680 secundo
811 613 934 680 scribae
955 612 1087 680 tradidit
1110 612 1228 695 stilum,
1252 613 1298 680 sic

228 736 264 802 in
290 737 385 823 primi
408 736 529 804 scribae
552 736 656 803 locum
685 737 835 803 successit
857 735 901 802 ΙΙΙ
927 740 977 803 18.
1017 735 1065 802 Its
1095 735 1219 803 sublata
1250 744 1297 804 est

229 861 370 947 suspicio
403 861 508 946 ipsum
544 880 623 947 opus
656 860 695 928 oh
730 861 791 927 alio
827 861 962 945 quodam
1002 861 1183 946 incoeptum
1224 881 1298 929 oon·

228 983 369 1072 pluuisse
391 990 486 1069 atque
508 985 718 1052 continuasse.

321 1108 458 1175 Etiamsi
480 1129 544 1175 non
567 1128 630 1175 uno
653 1115 762 1176 tencre
784 1107 864 1174 liber
887 1112 935 1176 est
963 1109 1163 1195 conpositus,
1191 1115 1298 1176 temen

230 1238 367 1320 apparet
399 1252 463 1300 non
496 1233 581 1300 intra
607 1238 673 1300 tam
702 1233 842 1318 amplum
871 1233 1023 1320 temporis
1052 1234 1190 1319 spatium
1225 1253 1295 1300 eum

230 1357 301 1424 esse
330 1356 518 1425 ahsolutum.
566 1378 624 1424 nec
650 1357 777 1424 uidetur
806 1362 915 1422 auctor
949 1377 1030 1440 quae
1063 1356 1172 1423 multis
1206 1357 1297 1424 annis

228 1480 283 1548 uel
313 1481 410 1548 etiam
445 1481 604 1550 decenniis
641 1488 713 1550 ante
742 1481 862 1566 scripta
891 1486 982 1547 erant
1005 1481 1209 1568 ,rescripsisse
1243 1487 1299 1549 aut

229 1604 434 1674 rescuhenda
456 1625 583 1673 curasse
607 1606 661 1672 sed
685 1606 759 1672 dum
783 1606 887 1691 ipsum
918 1625 997 1694 opus
1027 1606 1184 1674 conderet.
1223 1627 1297 1674 nam

228 1750 271 1798 ne
295 1730 366 1815 quis
388 1731 493 1818 ipsum
517 1729 680 1817 exemplar
703 1731 786 1816 quod
809 1735 898 1796 extat
928 1735 994 1796 tam
1019 1731 1153 1798 diuersis
1176 1737 1297 1817 tompo-

229 1853 319 1922 ribus
342 1853 453 1921 confici
476 1855 617 1941 potuisse
641 1855 811 1939 existimet,
836 1854 963 1921 obstant
977 1854 1039 1920 duc
1063 1855 1195 1939 scribae,
1219 1874 1297 1940 quoe

230 1979 303 2063 quis
326 1978 435 2046 credat
458 1999 515 2065 per
537 1980 669 2064 triginta
690 1979 757 2045 iere
780 1999 879 2045 annus
895 1983 1022 2064 praesto
1044 1978 1142 2045 fuisse
1166 1979 1296 2046 auctori.

322 2101 371 2170 De
404 2104 474 2190 ipso
509 2109 654 2189 tempore
689 2123 749 2188 quo
789 2104 957 2170 chronicon
997 2104 1151 2188 scriptum
1189 2103 1231 2169 sit
1264 2103 1297 2170 in

230 2227 375 2294 diuersas
398 2229 571 2306 sententias
595 2227 741 2294 abierunt
766 2228 828 2295 uiri
856 2227 948 2293 docti.
989 2225 1104 2310 Agitur
1131 2227 1165 2291 in
1196 2225 1297 2310 quinti

223 2351 305 2418 -tihri
328 2352 431 2418 indice
453 2354 498 2419 40
521 2354 559 2417 de
582 2353 692 2418 abbate
711 2350 902 2438 Godefredo,
928 2356 986 2440 que'
1007 2353 1098 2439 lorsqu
1117 2365 1191 2438 pout
1212 2375 1297 2418 mor-

229 2491 292 2543 tam
314 2500 405 2542 suam
427 2478 559 2574 cuidam·
574 2477 682 2561 fratri
697 2478 845 2564 fuyo'euti
865 2481 1027 2565 apparuit
1072 2475 1171 2560 Igitur
1195 2475 1297 2544 Gode-

228 2599 339 2666 fredus
373 2619 444 2667 cum
473 2621 500 2666 a.
527 2603 612 2667 1027
643 2601 773 2684 obierit,
810 2599 908 2667 multo
939 2605 1012 2688 post
1034 2600 1063 2665 h.
1083 2621 1109 2666 a.
1135 2600 1187 2666 hic
1216 2600 1298 2668 liber

229 2725 396 2810 incoeptus
432 2729 488 2791 est.
535 2724 571 2791 In
606 2724 790 2811 appendicis
825 2746 851 2791 o.
873 2727 995 2793 5-10
1022 2725 1216 2792 continuatio
1250 2730 1298 2792 est

230 2847 372 2914 chronici
395 2848 434 2915 ah
458 2869 486 2915 a.
506 2852 592 2916 1014
615 2869 715 2936 usque
744 2850 783 2916 ad
813 2854 938 2936 tempus
968 2870 1050 2916 anno
1077 2851 1167 2917 1050*
1181 2855 1296 2936 'poste-
1327 2913 1340 2930 ,

229 2973 307 3056 rius,
331 2974 451 3058 scripta
472 2973 598 3058 quidem
621 2994 641 3038 a
664 2973 767 3059 primo
782 2972 922 3058 librario,
947 2973 1003 3040 sed
1026 2973 1065 3040 ab
1084 2975 1154 3059 ipsc
1171 2979 1297 3042 auctore

231 3102 383 3181 correcta,
413 3102 448 3163 ut
470 3098 533 3164 iam
558 3118 620 3164 non
643 3097 739 3165 liceat
760 3098 799 3164 de
822 3097 884 3164 alio
909 3102 1036 3164 auctore
1059 3097 1205 3180 cogitare.
1246 3097 1297 3163 In·

231 3221 412 3306 primisdc
436 3222 527 3289 annis
554 3225 637 3291 1147
672 3225 756 3291 1148
786 3223 891 3308 agitur
919 3223 952 3288 in
981 3222 1170 3309 appendice:
1206 3222 1297 3307 quin·

231 3349 363 3430 tumque
384 3352 482 3432 caput
503 3346 674 3414 uersiculos
698 3347 849 3433 quosdam
875 3345 1018 3431 exhibet,
1046 3367 1124 3432 quos
1140 3367 1205 3426 ,suo
1228 3347 1297 3414 iure

231 3467 388 3538 Benzonis
423 3490 508 3556 essa,
542 3471 597 3556 qui
630 3471 670 3538 ab
704 3491 733 3538 a.
768 3474 852 3538 1059
887 3472 988 3539 Albae
1023 3477 1091 3538 erat
1118 3473 1295 3559 episcopus,
1358 3545 1366 3555 ,

232 3594 366 3662 coniecit
386 3593 617 3678 Bethmannus3
641 3615 716 3662 nem
738 3595 772 3662 in
795 3596 887 3663 editis
909 3595 1066 3663 Bonzunis
1090 3615 1153 3661 non
1177 3601 1294 3663 extent

319 3718 465 3786 Efficitur
493 3719 542 3786 his
570 3725 671 3786 totum
700 3740 778 3806 opus
807 3740 833 3786 c.
852 3741 876 3786 s.
893 3718 939 3785 XI
962 3718 1101 3785 medium
1131 3740 1199 3786 esse
1223 3740 1295 3786 con·

231 3843 367 3942 fectum.¹
398 3842 501 3910 Aliter
530 3845 651 3911 censuit
683 3845 752 3930 ipse
780 3843 996 3910 Bethmannus
1027 3863 1098 3910 cum
1128 3843 1295 3928 Terraneo,

190 3969 286 4054 ,11111
315 3968 399 4054 quod
422 3967 450 4034 II
477 3968 621 4036 141usti
650 3969 795 4036 monachi
823 3989 937 4055 corpus
966 3967 1078 4035 Susam
1106 3967 1295 4050 translatum

232 4113 301 4160 esse
329 4112 392 4160 non
421 4098 584 4177 narratur,
617 4098 690 4160 ante
718 4059 785 4161 eius
813 4092 1029 4170 translationis
1059 4113 1176 4159 annum
1211 4094 1295 4158 1027
