3036 4914
865 467 939 514 laxit

366 625 494 691 Gernldi
519 630 613 709 atque
629 624 852 694 Erchamboldi
875 625 1056 692 nominibus
1079 625 1224 709 indagari
1248 646 1339 711 posse
1368 647 1444 711 spe·

366 769 482 816 ramus.
521 749 625 834 Atque
641 747 770 816 Geraldi
787 750 964 816 sacerdotes
988 750 1034 816 eis
1058 750 1191 817 saeculis
1214 750 1343 816 fuerunt
1370 749 1443 836 plu-

366 876 457 959 rimi,
487 875 579 962 pauci
608 873 833 940 Erchamboldi
862 874 1033 960 praesules.
1074 875 1339 958 Argentineusem
1374 873 1444 960 epi-

367 975 497 1086 stopum
522 999 560 1065 aa
585 1020 611 1064 a.
630 998 695 1064 noe
719 998 757 1064 ao
785 1000 847 1063 aar
879 999 1039 1066 sedentem
1070 999 1227 1066 intellexit
1247 997 1444 1066 ronmmtus

367 1145 398 1211 p.
422 1127 459 1190 61
496 1125 652 1207 insignem
687 1123 867 1189 litterarum
899 1123 1011 1190 studiis
1045 1129 1140 1209 atque
1175 1143 1244 1189 cum
1275 1123 1322 1189 Sti
1356 1122 1441 1190 Gadi

367 1249 517 1316 coenobio
554 1249 757 1316 multifariam
792 1249 1001 1314 coniunctum.
1045 1247 1163 1314 Verum
1187 1249 1378 1315 enimuero
1404 1269 1442 1314 ne

368 1374 541 1460 simplicem
579 1375 763 1461 episcopum
798 1372 1035 1457 intellegamus,
1070 1373 1141 1459 ipsa
1176 1370 1303 1439 Geraldi
1342 1373 1442 1452 uerba

368 1497 538 1584 prohibent
568 1499 621 1583 qui
650 1524 806 1566 rammam
834 1497 1015 1583 adloquitur
1042 1500 1223 1586 pontificem
1255 1497 1341 1582 quod
1378 1518 1440 1562 non

367 1623 429 1689 nisi
469 1623 739 1710 archiepiscopum
779 1628 883 1710 potest
928 1621 1120 1706 significare:
1165 1623 1192 1688 is
1234 1643 1304 1688 cnm
1357 1622 1441 1688 intra

367 1747 446 1813 fines
476 1747 573 1814 solius
602 1746 790 1815 Germaniae
825 1747 1022 1832 quaerendus
1053 1747 1095 1812 sit
1124 1746 1240 1814 sacculi
1269 1747 1314 1812 XI
1349 1748 1437 1812 initio

367 1873 537 1939 ueletiam
568 1878 701 1939 exeunte
725 1872 812 1956 111,
842 1893 935 1939 nemo
964 1871 1094 1938 offertur
1122 1878 1248 1958 practer
1277 1871 1435 1956 Mogonti-

369 2017 443 2064 nnm
469 1997 738 2083 archiepiscopum
754 1996 791 2062 E.
811 1998 865 2082 qui
888 1997 1046 2064 residebat
1062 1997 1100 2063 ab
1117 2017 1144 2062 a.
1165 1999 1248 2063 1011
1267 1997 1318 2063 ΚΙ.
1335 1996 1434 2083 April.

370 2123 409 2189 ad
435 2124 517 2188 1021
544 2121 761 2205 d.17.-Aug.;
793 2121 887 2187 homo
915 2122 942 2186 is
967 2127 1035 2188 erat
1059 2121 1174 2206 placidi
1186 2121 1319 2213 ⁸ingenii
1346 2141 1433 2206 quem

369 2256 401 2314 et
425 2246 583 2330 Willigisii
606 2247 856 2332 praedecessoris
884 2246 984 2329 gloria
1013 2251 1045 2311 et
1068 2245 1217 2311 Aribonis
1246 2244 1434 2312 successoris

369 2393 440 2438 acre
464 2366 658 2454 ingenium*)
682 2391 721 2436 ex
745 2371 906 2436 hominum
931 2371 1083 2436 memoria
1106 2391 1206 2457 paene
1230 2371 1433 2436 sustulerunt.

458 2494 642 2562 Certissima
658 2502 732 2561 sunt
747 2515 827 2580 quae
843 2495 881 2561 de
897 2495 998 2562 tribus
1014 2495 1155 2561 codicum
1173 2493 1343 2579 generibus
1361 2494 1431 2575 diui,

369 2620 594 2688 dubitationem
619 2620 674 2685 uix
690 2620 798 2686 »leuem
824 2619 996 2686 admittunt
1022 2641 1103 2705 quae
1130 2621 1168 2686 de
1196 2621 1392 2687 recensionis
1413 2645 1432 2681 a

370 2752 496 2812 auctore
515 2745 649 2810 disserui
666 2749 759 2829 atque
775 2745 813 2810 de
829 2743 1076 2811 Erchamboido:
1092 2745 1263 2811 tenendum
1279 2744 1352 2829 hoc,
1368 2761 1431 2809 cum

369 2871 433 2938 iam
458 2870 612 2954 quomodo
636 2869 713 2936 haec
736 2869 818 2935 iuter
843 2889 875 2934 se
899 2869 1087 2936 cohaereant
1105 2869 1312 2954 inquiramus
1350 2866 1430 2933 Pri-

321 3053 324 3058 .
369 2996 552 3062 musenim
569 2993 842 3080 quiWaitharium
860 2995 974 3077 emisit
986 2993 1276 3080 fuitEkkehardus,
1294 2994 1431 3061 emisisse

369 3126 475 3187 autem
511 3141 544 3186 se
578 3121 655 3186 dicit
688 3119 913 3203 Mogontiae
947 3119 1120 3186 Aribone
1155 3120 1346 3205 episeopo
1380 3119 1431 3182 iu·

369 3246 499 3328 beate,
514 3226 568 3330 qui
586 3265 746 3310 successor
761 3250 829 3311 erat
842 3243 1082 3324 Erchamboidi3
1106 3251 1195 3330 post
1209 3243 1428 3310 Ekkehardum

369 3372 483 3436 iterum
508 3369 626 3435 editum
651 3368 804 3435 Genaldus
827 3369 915 3436 misit
934 3368 1165 3435 Erchamboldo
1189 3368 1243 3454 qui
1267 3375 1340 3436 ante
1363 3365 1429 3433 Ari·

370 3496 483 3561 bonem
496 3493 675 3577 Mogontiae
691 3494 781 3559 sedit.
798 3493 884 3560 Haec
896 3515 971 3560 sane
987 3515 1056 3560 cum
1070 3494 1200 3561 minime
1215 3495 1298 3560 inter
1314 3514 1347 3561 se
1363 3509 1429 3557 con·

370 3625 495 3704 gruant,
520 3618 634 3685 alicubi
657 3619 733 3685 latet
751 3640 852 3701 error3
877 3625 910 3686 at
933 3640 1003 3686 cum
1028 3625 1133 3687 cetera
1155 3620 1219 3685 sint
1240 3625 1331 3686 extra
1346 3613 1427 3683 dnbi-

370 3745 523 3811 tationem
539 3744 652 3830 posita,
669 3764 732 3810 non
746 3745 809 3810 nisi
825 3745 857 3810 in
873 3745 952 3830 ipsis
969 3745 1074 3811 uerbis
1089 3745 1188 3811 latere
1203 3749 1308 3830 potest
1322 3741 1426 3828 quibus

372 3870 582 3878 ..ww—-..-

443 3919 472 3985 ἦ)
492 3929 518 3974 in
537 3920 656 3974 humanis
674 3919 754 3991 'supra
774 3922 875 3973 modum
895 3930 1032 3985 anirnocuc,
1051 3929 1079 3974 ai
1097 3922 1127 3974 de
1145 3922 1255 3992 quodam
1275 3941 1291 3974 a
1310 3913 1426 3973 uetando

370 4027 477 4080 dicitur:
501 4045 590 4079 ernanus
609 4033 663 4079 eiua
681 4034 770 4081 contra
790 4045 874 4080 oraaes
893 4034 916 4079 et
935 4046 1025 4080 manua
1044 4035 1154 4080 omnium
1173 4034 1261 4080 contra
1281 4045 1342 4080 eunii.
1368 4017 1424 4074 Vibi

371 4129 537 4186 Godebardi.
568 4131 666 4198 (Perta.
681 4130 728 4186 SS.
743 4132 782 4186 XI
795 4148 821 4201 p.
836 4132 898 4197 185)
926 4132 1068 4188 Laudatur
1091 4131 1192 4187 ibidem
1210 4123 1421 4186 Erchamboidus·
