3036 4914
152 609 240 676 Unde
271 607 405 676 efficitur
438 607 579 696 (praeter
616 611 764 697 anonymi
794 609 1009 677 recensionem
1037 610 1068 676 in
1099 609 1127 675 D

74 741 156 818 atque
179 732 310 800 Geraidi
334 735 367 799 in
390 734 480 818 BbT)
510 741 564 802 aut
588 737 693 820 quarti
716 735 900 801 Ekkehardi
930 735 1128 801 retractatio-

73 880 133 925 nem
157 849 317 925 ssruatam
341 859 374 923 in
398 857 455 926 Ac
477 860 636 946 primique
660 859 843 926 Ekkehardi
868 879 946 945 opus
970 858 1129 925 interiisse

73 989 118 1048 aut
149 984 251 1069 ipsius
288 984 425 1050 auctoris
460 1004 540 1070 opus
575 985 623 1050 his
659 984 818 1050 codicibus
853 983 944 1050 nobis
976 983 1128 1051 traditum

74 1109 225 1193 quartique
249 1107 435 1174 Ekkehardi
459 1107 623 1194 exemplar
647 1108 811 1194 abreptum
837 1129 915 1175 esse.

149 1231 230 1298 Illud
267 1238 341 1298 ante
373 1233 482 1298 'omnia
519 1233 729 1299 certissimum
770 1232 921 1316 dixerim,
960 1239 1129 1318 antequam

74 1355 271 1423 Ekkehardus
297 1362 428 1442 quartus
452 1358 569 1440 ederet,
597 1357 693 1443 primi
716 1357 899 1424 Ekkehardi
928 1379 1008 1444 opns
1033 1380 1052 1424 a
1074 1379 1130 1425 ne·

80 1481 144 1548 nine
167 1502 322 1568 umquam
346 1487 567 1561 retractatum
594 1481 683 1547 illum
706 1482 789 1547 enim
810 1482 863 1567 qui
880 1483 929 1548 sui
945 1483 1129 1550 monasterii

83 1604 225 1674 thesauros
257 1613 323 1674 tum
355 1607 521 1691 diligenter
550 1612 767 1694 perscrutatus
797 1613 866 1674 erat
894 1606 926 1673 iu
951 1607 1059 1693 eisque
1082 1607 1130 1673 in-

79 1729 199 1799 dustriae
225 1753 303 1800 snae
328 1733 462 1815 uestigia
486 1738 550 1798 tum
575 1732 675 1797 multa
704 1731 847 1815 reliquit;
879 1733 931 1817 qui
963 1737 1131 1819 postquam

78 1852 136 1922 inde
158 1857 308 1924 discessit
336 1857 452 1924 multas
483 1856 563 1922 uidit
592 1857 735 1939 regiones
764 1861 858 1940 atque
881 1877 987 1925 rerum
1009 1858 1131 1924 littera·

78 1999 193 2066 rumque
217 1983 430 2065 cognitionem
455 1980 662 2067 amplificanit
683 2003 748 2047 non
763 1981 896 2066 modice,
920 1981 970 2049 cui
990 1982 1132 2049 ubicum-

77 2123 127 2186 que
147 2107 335 2173 uersabatur
358 2105 466 2172 Sancti
482 2104 566 2173 Galli
589 2128 640 2174 res
663 2128 836 2192 numquam
859 2127 952 2172 carae
972 2107 1131 2174 maximae

77 2248 135 2295 esse
156 2232 333 2314 desierunt,
364 2230 451 2296 illum
482 2230 551 2297 dico
584 2253 646 2298 non
676 2236 801 2318 peterat
822 2232 931 2315 fugere
954 2232 982 2297 si
1005 2232 1075 2316 quis
1099 2232 1131 2297 id

77 2350 180 2420 laboris
209 2357 410 2442 suscepisset.
450 2355 559 2440 Neque
588 2377 660 2422 eum
690 2356 805 2423 sinceri
835 2356 932 2422 animi
960 2356 1131 2441 hominem,

79 2478 100 2541 si
119 2478 245 2548 Geraidi
270 2483 410 2550 recensio
441 2480 493 2548 uel
516 2483 664 2568 anonymi
688 2481 940 2548 Vindobonensis
969 2482 997 2548 ei
1020 2482 1134 2548 fuisset

80 2607 205 2690 cognita,
240 2607 342 2672 denuo
379 2606 491 2673 edendi
526 2607 691 2674 consilium
731 2611 896 2693 capturum
933 2606 988 2671 sed
1027 2607 1132 2691 potius

84 2735 192 2814 captum
229 2731 423 2798 abiecturum
458 2730 556 2798 fuisse
591 2731 791 2814 crediderim,
828 2750 898 2796 oum
932 2730 979 2796 illi
1014 2736 1147 2816 quanto

81 2852 186 2923 uiribus
211 2857 331 2940 ingenii
354 2857 533 2942 superiores
558 2862 663 2924 esseut
685 2856 740 2921 uix
764 2876 835 2923 eum
854 2855 1009 2942 potuisset
1022 2855 1131 2923 latere.

80 2975 115 3044 At
139 2988 266 3067 praeter
300 2988 446 3066 quartum
476 2979 702 3046 Ekkehardunr
738 3001 829 3046 nomo
860 3001 936 3046 sane
965 2986 1132 3065 antequem

78 3101 137 3186 ipse
160 3107 267 3172 ederet
289 3106 439 3173 carminis
463 3106 607 3171 notitiam
631 3104 781 3171 habebat:
806 3105 873 3192 ipse
889 3104 1038 3170 nimirum
1062 3123 1133 3170 oum

80 3246 112 3293 ex
144 3230 192 3298 Sti
220 3230 304 3298 Galli
328 3231 419 3308 ¹cella
454 3230 556 3296 exiret
590 3250 653 3296 non
689 3227 881 3315 descriptum
918 3249 1044 3295 carmen
1079 3229 1134 3296 sed

80 3357 298 3443 autographum
335 3355 498 3441 exemplar
528 3354 696 3422 Waltharii
735 3375 839 3420 seeum
876 3353 1007 3420 abstulit
1041 3360 1134 3438 atque

79 3481 214 3565 retinuit,
254 3481 329 3546 dum
364 3482 522 3547 emitteret
557 3480 590 3545 iu
626 3480 796 3565 publicum.
843 3479 952 3564 Neque
987 3479 1054 3544 ueri
1087 3473 1135 3545 est

80 3601 173 3672 simile
203 3606 410 3690 originarium
438 3604 518 3671 illud
547 3604 724 3691 exemplar,
753 3604 853 3689 quod,
883 3624 954 3670 cum
984 3608 1067 3669 essct
1095 3623 1134 3668 ex

216 3741 282 3748 ..ι-.-

80 3795 126 3853 iam
153 3799 279 3856 Oanisius
307 3799 421 3853 dederat
448 3798 513 3853 Ant.
534 3797 656 3852 Lectt.V
676 3798 727 3852 784
743 3813 802 3867 sqq.
840 3796 922 3852 Addo
950 3796 1077 3852 carminis
1104 3799 1136 3851 da

81 3903 104 3955 S.
118 3906 196 3972 Gallo,
215 3905 290 3975 quod
303 3907 451 3973 Ratpertus
467 3908 650 3972 conposuerat
667 3903 832 3972 germanice,
851 3904 1005 3959 uersionem
1023 3903 1134 3957 latinam

80 4009 172 4067 editam
195 4011 231 4068 ab
254 4012 275 4066 1.
286 4011 320 4066 de
331 4011 389 4066 Arx
412 4011 511 4077 (Perta.
525 4008 573 4064 SS.
588 4009 670 4075 1133)
697 4009 823 4064 LGrimm
842 4009 903 4064 Lat.
917 4008 985 4065 Ged.
999 4024 1026 4078 p.
1040 4007 1134 4062 XXXI

81 4118 212 4186 usquead
232 4117 351 4172 XXXIV
371 4121 400 4170 et
418 4116 445 4170 in
465 4113 647 4170 Muellenhoffi
666 4121 694 4170 et
712 4114 836 4169 Schereri
855 4112 1072 4184 Spraehprcben.
