3036 4914
808 445 891 492 LXVI

315 604 537 688 intellegenda,
560 623 624 668 non
647 603 687 669 de
709 603 901 670 recensionis
925 607 1069 682 auotor03
1097 621 1161 667 non
1185 620 1309 682 sacrae,
1333 600 1379 664 in·

318 729 396 815 quit,
420 749 471 795 res
494 727 539 795 ibi
554 731 740 810 tractantur,
765 728 819 794 sed
835 726 1006 808 iucundae;
1031 727 1233 813 proferuntur
1251 723 1380 807 ludicre,

316 874 380 919 non
404 853 576 933 ouationes3
605 853 688 919 inest
715 872 745 917 u.
764 854 808 918 20
835 852 867 918 id
898 851 981 937 quod
1009 850 1150 919 Manilius
1180 847 1382 916 coniectando

318 976 418 1044 noluit
441 977 580 1061 assequi:
605 981 733 1065 stringit
754 981 789 1043 ia
813 991 902 1056 orto3
932 977 1015 1061 quod
1039 976 1202 1042 barbarice
1226 971 1383 1062 expressit

317 1108 426 1169 auctor
459 1107 612 1189 amayae
645 1108 681 1166 to
715 1103 841 1189 aliquid
876 1121 932 1188 pro
967 1121 1003 1168 eo
1039 1121 1195 1188 usurpans
1224 1099 1307 1186 quod
1336 1103 1384 1166 est

317 1232 508 1314 deotmoqerc
530 1227 570 1292 ab
594 1227 714 1314 aliquo,
740 1249 848 1314 coqerc
870 1230 905 1292 o‘a
928 1239 1040 1292 ortam.

406 1352 589 1419 Ekkehardi
612 1350 827 1418 recensionem
851 1371 914 1417 non
937 1350 1036 1418 multo
1063 1355 1138 1417 ante
1161 1347 1382 1416 Geraldiauam

317 1477 432 1544 factam
456 1497 507 1544 res
530 1477 601 1562 ipsa
624 1482 745 1544 monet:
776 1482 831 1574 aut
861 1477 968 1542 statim
998 1479 1071 1562 post
1100 1474 1218 1542 editum
1242 1471 1383 1542 Waltba·

316 1603 400 1668 rium
425 1607 480 1668 aut
502 1622 674 1686 numquam
698 1601 871 1685 malignum
892 1621 983 1667 suum
1000 1599 1165 1667 consilium
1182 1596 1236 1666 ille
1252 1597 1385 1665 debebat

319 1727 447 1812 exequi,
477 1730 512 1792 ut
540 1732 571 1795 et
599 1728 666 1792 eius
696 1727 814 1792 socium
840 1727 895 1811 qui
924 1709 1125 1793 aduersarius
1149 1730 1218 1791 erat
1235 1721 1385 1806 'magistri

319 1857 357 1918 et·
378 1851 516 1918 scholam
542 1850 780 1935 Sangallensem
809 1856 976 1937 promeret.
1016 1850 1108 1918 lllum
1138 1848 1213 1934 quin
1242 1848 1308 1913 iam
1338 1845 1384 1911 bis

319 1977 410 2044 annis
433 1973 613 2060 Mogontiae
637 1981 853 2043 conmoratum
882 1976 1074 2043 coniciamus
1105 1975 1173 2040 siue
1197 1972 1238 2039 ad
1260 1977 1384 2058 ternpus

319 2100 446 2185 aliquod
470 2101 537 2167 siue
567 2106 652 2168 certo
683 2121 812 2169 munere
834 2101 976 2168 functum
1000 2101 1131 2166 minime
1153 2099 1273 2181 obstat,
1305 2095 1384 2181 quod

192 2299 193 2302 ,
319 2247 347 2292 a.
368 2225 453 2292 1022
478 2226 563 2292 domi
586 2246 735 2312 praesens
756 2226 826 2310 fuit,
851 2245 920 2292 cum
939 2225 1096 2292 Notkerus
1114 2222 1225 2291 Labeo
1236 2222 1385 2305 defunge-

318 2355 420 2433 retur3
446 2350 544 2416 multo
568 2351 672 2417 minus
696 2355 829 2435 constat,
855 2351 979 2435 quaudo
996 2350 1094 2417 Aribo
1115 2349 1239 2416 uenerit
1253 2345 1385 2430 Mogon-

240 2517 246 2530 ·
319 2476 406 2541 tiam
442 2475 492 2541 Ex
515 2474 704 2543 Wibnuadae
727 2474 941 2542 sanctificatae
963 2475 1118 2542 memoria
1141 2474 1298 2560 (9.107),
1326 2469 1385 2537 nisi

318 2601 400 2666 forte
434 2606 544 2687 postca
579 2601 733 2685 quaedam
770 2601 809 2668 ab
845 2606 972 2668 auctore
1001 2599 1110 2667 addita
1139 2604 1228 2680 sunt,
1264 2597 1319 2682 qui
1349 2595 1385 2660 de

319 2724 493 2794 Waltbario
523 2731 571 2792 est
598 2724 686 2792 locus
717 2748 746 2812 p.
774 2726 834 2791 117
864 2746 927 2792 non
960 2730 1033 2792 ante
1061 2743 1088 2790 a.
1116 2724 1199 2789 1047
1233 2721 1384 2808 scriptum

229 2875 231 2879 ·
320 2871 388 2918 esse
411 2849 593 2934 uerisimile,
617 2871 681 2917 non
706 2856 779 2917 ante
794 2848 831 2916 'a
850 2852 936 2916 1034
959 2843 1181 2933 certissimum,
1205 2868 1267 2932 qua
1290 2847 1330 2912 de
1347 2845 1384 2910 're

320 2975 382 3041 uid.
409 2973 626 3074 lanemmlor
656 2975 676 3041 l.
697 2975 718 3041 l.
765 2974 966 3060 Quocumque
993 2981 1135 3062 tempore
1165 2977 1213 3041 est
1236 2971 1384 3058 scriptus,

323 3101 474 3167 memoria
502 3101 636 3167 iniuriae
665 3121 759 3185 quam
787 3107 894 3168 noster
922 3099 1035 3187 passus
1055 3094 1115 3166 'nel
1142 3103 1209 3166 crat
1243 3095 1293 3164 nel
1310 3093 1383 3162 'sibi

320 3225 487 3293 uidebatur
511 3225 706 3310 aliquantum
731 3224 938 3293 obmutuerat.

409 3350 486 3415 Post
513 3350 689 3416 certissima
718 3371 757 3418 ue
789 3351 894 3417 minus
925 3356 1083 3418 certorum
1106 3347 1231 3416 cumulo
1254 3349 1383 3420 adaucto

320 3475 426 3542 taedia
460 3481 648 3542 moueantur
676 3476 802 3560 lectori,
839 3476 1066 3543 transeundum
1095 3476 1136 3542 ad
1163 3465 1382 3540 Ekkebardi

322 3599 438 3687 primi
468 3621 547 3686 opus
570 3601 690 3687 ipsum,
722 3601 804 3686 quod
828 3620 868 3667 ne
891 3601 1036 3668 uideatur
1059 3622 1078 3666 a
1101 3619 1199 3687 puero
1227 3600 1382 3668 conditum

322 3724 471 3808 quamuis
490 3701 626 3791 Casuum
653 3731 761 3792 auctor
785 3726 930 3810 affirmet,
954 3730 1081 3812 praetor
1104 3747 1142 3794 ea
1157 3725 1241 3812 quae·
1260 3725 1298 3792 de
1321 3729 1383 3790 stu·

321 3848 382 3914 diis
417 3849 600 3931 uergilianis
636 3871 734 3937 supra
769 3851 1001 3937 disputauimus
1036 3853 1133 3919 etiam
1166 3853 1238 3939 ipsa
1266 3849 1383 3939 inpedit

322 3974 455 4040 materia
477 3975 627 4054 carminis
651 3977 781 4062 prorsus
805 3975 910 4052 aliena
933 3976 972 4043 ab
996 3977 1103 4044 schola
1119 3977 1289 4052 claustrali.
1313 3973 1380 4042 talis

322 4099 404 4162 enim
431 4104 480 4164 est
501 4099 551 4164 oui
567 4096 641 4165 'non
660 4097 722 4166 nisi
746 4100 929 4169 adulescens
952 4103 1100 4168 dimissus
1119 4123 1145 4167 a
1166 4095 1273 4168 sobola
1295 4093 1381 4185 atque
