3022 4920
773 418 837 482 104

315 597 431 662 Arcera
455 598 588 662 loricam
602 597 777 681 fabrorum
799 599 924 682 iurique
937 598 1102 682 ferentem.

316 723 433 807 Dim'pe
456 722 543 802 bina,
567 721 679 786 delirio
702 723 875 786 mediocria
897 723 1018 787 eurialo
1041 723 1121 788 toll.

315 843 377 908 Hie
400 847 602 910 armillarum
625 859 747 910 tautum
770 847 813 910 da
837 846 1109 927 Pauuouicarum,

277 1005 282 1024 ·
315 968 426 1034 Douec
449 973 506 1034 uia
526 973 643 1036 releueo
668 993 766 1034 uuum
789 971 833 1034 ad
850 973 991 1056 portorio
1014 972 1141 1053 Imaum,

317 1093 397 1158 Iade
421 1107 532 1180 quater
555 1094 664 1158 biuum
685 1095 766 1158 mili
779 1095 841 1179 fac
865 1097 903 1159 de
925 1119 1011 1160 more
1034 1109 1209 1160 coturnum.

316 1217 454 1306 Iaouper
476 1245 497 1285 a
511 1220 623 1305 fabrio
646 1221 755 1298 lamae
779 1221 861 1284 clam
878 1243 975 1306 posce
997 1233 1139 1286 retortoe.

315 1343 438 1409 Noetra
460 1349 581 1410 uiatico
603 1348 667 1409 eiut
685 1348 788 1430 piooer
812 1345 908 1409 oimul
930 1357 1023 1430 atque
1045 1346 1198 1410 uolucree.

298 1467 392 1553 'Ipse
414 1492 470 1554 eqo
490 1474 636 1556 piscator
658 1471 713 1534 eod
736 1492 851 1556 auceps
875 1492 939 1533 ecce
962 1470 1116 1535 cohartor.

321 1592 407 1656 Haeo
427 1596 515 1658 iutra
537 1594 701 1658 ebdomede
726 1606 814 1658 caute
833 1617 894 1680 per
918 1583 1046 1680 eiudula
1070 1597 1198 1681 comple.

220 1731 254 1785 10
318 1718 451 1782 Audiat
472 1721 560 1804 quod
581 1717 694 1782 labere
717 1721 822 1784 uiauti
835 1719 926 1802 forto
949 1742 1069 1784 ulcerea
1092 1732 1144 1784 oet.
1362 1735 1420 1789 275

317 1843 494 1928 Poetquam
517 1856 657 1929 cepteuoo
682 1843 828 1908 Ploeluo
851 1848 1038 1910 remeaucrit
1060 1845 1148 1910 orbec
1362 1859 1418 1912 211
1508 1935 1509 1938 ¹

319 1965 475 2032 Conuiuia
499 1969 580 2032 laeta
600 1969 726 2055 parabo
1362 1981 1435 2036 219h
1508 1941 1509 1944 Ἴ

320 2091 404 2178 Rea·
424 2115 462 2156 ac
484 2096 623 2178 reoiuae,
648 2096 799 2180 eutropio,
825 2092 957 2157 ducibui
971 2094 1182 2178 famulisque,
1361 2107 1419 2160 218

319 2218 426 2304 Atque
449 2221 536 2282 omui
556 2221 682 2303 iuqeuio
700 2231 782 2305 potu
806 2219 937 2304 repolire
960 2218 1100 2299 studebo,
1362 2231 1419 2284 280
1509 2277 1510 2308 3

156 2386 158 2390 .
222 2356 256 2411 15
273 2344 320 2408 ita
342 2357 377 2408 ut
397 2345 504 2408 uullue
528 2345 680 2430 lupercii,
711 2346 768 2428 qui
790 2345 870 2406 sciat
890 2343 942 2406 uel
964 2353 1181 2428 recoquoocat,
1211 2363 1268 2405 cur
1289 2341 1344 2404 uel

276 2466 313 2531 ol
344 2489 440 2552 quam
468 2491 596 2532 caueam
615 2468 744 2552 factum
774 2471 815 2531 cit
844 2468 905 2531 tale
934 2469 1125 2532 conuiuium.
1171 2465 1215 2530 Te
1239 2478 1370 2530 tomeu-

270 2614 440 2678 premoueo
464 2595 662 2658 mediocriter
684 2596 797 2657 uiuum
819 2605 915 2673 utere,
940 2605 975 2657 ut
995 2595 1052 2656 uia
1075 2594 1160 2656 eitim
1176 2594 1346 2677 eatiuyuce

275 2718 319 2780 ad
346 2739 493 2781 mearam.
538 2717 670 2802 Reliqui
696 2741 771 2782 uero
801 2741 870 2781 cum
900 2719 1110 2798 eurreaoriut,
1140 2728 1174 2780 tu
1200 2716 1275 2780 ilico
1299 2718 1346 2779 ad

274 2853 351 2905 uota
372 2863 499 2906 recurre
522 2843 682 2928 opuscula.
720 2842 765 2906 At
786 2841 843 2905 uli
859 2854 957 2928 potue
976 2842 1128 2906 uiolentia
1144 2842 1347 2926 superauerit
1364 2854 1416 2907 285

223 2977 258 3038 20
276 2977 412 3047 cuuctoe,

325 3088 414 3155 Turro
436 3093 532 3156 timul
555 3095 702 3158 occiduae
723 3113 928 3179 properemus
953 3111 1081 3176 querere
1101 3089 1242 3174 pcrteo.“

328 3213 424 3302 Uiruo
447 3239 522 3281 uero
540 3218 626 3281 dicta
640 3219 708 3280 uiri
720 3219 815 3281 ualde
830 3239 948 3281 memor
966 3225 1141 3302 praecepta
1163 3216 1343 3301 compleuit.

810 3342 854 3406 Et
876 3363 943 3404 ecce

321 3464 477 3547 Prefiuita
500 3466 567 3529 dieo
590 3466 757 3554 epularum
778 3469 875 3546 uouit,
901 3477 929 3528 ot
950 3467 1019 3551 r'pu

223 3603 258 3657 25
330 3589 522 3654 Waltloriuo
546 3591 603 3674 qui
623 3591 748 3674 maquie
770 3591 921 3654 iuetruait
944 3587 1119 3675 oumptibuc
1142 3609 1237 3652 cocao.

277 3712 426 3778 Luauria
454 3716 589 3800 domique
615 3717 651 3778 ia
678 3714 783 3778 media
805 3713 963 3777 recidebat
983 3735 1098 3776 measa.
1142 3711 1212 3775 Rea
1235 3713 1346 3796 itaque
1365 3725 1422 3778 290

349 3903 460 3958 lAffcr
522 3905 627 3959 4onus
691 3903 854 3959 8cohortor
919 3903 1154 3959 9hebdomedcm
1220 3903 1254 3957 10
1272 3900 1344 3956 forte

277 4011 349 4064 abaci
402 4010 436 4065 14
454 4015 537 4080 potus
556 4024 638 4079 saepe
657 4010 753 4064 illinire
771 4009 888 4064 studebo
944 4010 978 4064 15
996 4010 1171 4079 superiussit
1225 4009 1259 4062 17
1278 4008 1344 4061 uino

278 4115 313 4172 25
339 4115 475 4186 quietat
