3036 4914
708 461 804 512 nvn

219 620 541 704 ammorrhaeorum,
566 627 602 687 ιιι
616 623 683 688 eius
699 641 756 688 uuo
772 628 916 712 tempore
930 629 1015 690 eoeet
1028 623 1168 691 memori
1191 624 1286 710 Apud

220 743 301 811 ulios
329 762 453 830 quoque
480 761 544 810 mor
572 746 654 812 torti
680 745 780 813 fuieoe
806 745 862 812 illu
889 745 1030 815 uidetur:
1063 767 1127 814 ooo
1161 767 1287 816 eorume-

218 872 364 934 moretur
390 869 424 934 in
454 867 642 952 meorologiie
666 889 690 936 ι.
708 869 768 936 llll
790 869 1004 938 Nooulioierei
1033 877 1065 940 et
1092 871 1124 938 S.
1141 871 1288 940 Andreae

219 991 427 1060 'l'uurineneie
443 991 559 1074 (Pertz.
578 991 893 1077 ss.v11130131).
923 994 1121 1082 Tantumque
1140 996 1231 1064 ubeet
1252 1001 1288 1062 ιιι

218 1133 263 1184 ex
284 1115 429 1200 neglecto
451 1117 511 1184 beo
532 1118 687 1184 memorie
702 1123 777 1185 unte
792 1137 822 1184 u-
840 1122 925 1186 1027
940 1118 1056 1187 librum
1073 1121 1287 1206 ooneoriptum

218 1239 383 1328 probetur,
406 1246 442 1310 ut
463 1242 598 1310 imbueue
619 1243 736 1310 reotiue
759 1241 858 1309 multo
874 1248 948 1330 poet
962 1263 1033 1310 oum
1048 1243 1114 1310 ium
1129 1243 1288 1312 obliuione
1368 1311 1372 1320 ,

217 1364 336 1434 obrute
358 1371 443 1434 eeeet
464 1365 520 1434 illu
533 1387 585 1434 ree
600 1367 753 1453 seriptum
769 1367 915 1434 oonioiue.
939 1367 982 1434 vt
995 1367 1155 1434 oumulum
1171 1367 1286 1434 odium

218 1489 456 1558 oontrouereiue
486 1509 590 1557 mere:
620 1509 691 1557 ou·
720 1495 845 1558 oonutet
873 1496 1033 1560 auctorem
1062 1493 1146 1560 oiroe
1169 1511 1287 1560 annum

221 1616 311 1682 1000
338 1633 418 1700 opus
447 1634 539 1682 ouum
570 1613 672 1682 odbuo
699 1615 783 1682 inter
811 1633 925 1683 monuo
958 1615 1105 1684 hebuieee
1139 1617 1192 1697 (er
1218 1637 1287 1684 oor·

218 1739 355 1805 reoturie
383 1756 464 1824 queo
492 1739 608 1805 adeunt
633 1739 667 1804 in
696 1758 771 1826 epp.
792 1741 943 1825 5-10)‚
973 1741 1049 1826 quin
1078 1741 1186 1827 priora
1215 1740 1286 1826 plue

220 1861 320 1930 semul
353 1861 523 1949 perlegerit
550 1883 613 1929 nor
644 1862 868 1931 bollundum:
904 1865 972 1931 siue
1005 1864 1103 1948 igitur
1131 1863 1171 1932 de
1200 1863 1287 1932 lueto

218 1987 437 2054 narrationem
454 1993 528 2056 unte
542 2005 571 2054 ι
591 1991 674 2054 1027
692 1987 760 2054 uiuo
775 1993 887 2074 posteo
902 1989 1040 2074 scripsit,
1063 1988 1287 2055 reminiscendi

221 2116 317 2196 utque
344 2111 522 2195 oorrigerrdi
550 2110 672 2196 lurqom
700 2112 896 2179 oooouionem
926 2111 1054 2196 babuit,
1088 2131 1147 2178 neo
1179 2117 1287 2178 umen

220 2253 261 2303 ee
287 2240 337 2303 eut
362 2253 449 2302 uero.
487 2235 575 2302 Nihil
603 2235 775 2321 quidquem
805 2236 903 2320 igitur
931 2255 970 2302 ex
998 2236 1062 2302 ieto
1089 2234 1288 2320 neglegentia

220 2357 261 2427 de
282 2364 427 2446 tempore
449 2358 523 2426 libri
546 2358 576 2426 ll
598 2359 761 2446 probetur.

310 2483 418 2570 Atque
447 2483 630 2552 eeoidorurrt
654 2483 711 2550 illo
744 2485 815 2570 ipro
845 2503 927 2550 enno
961 2485 1090 2552 ineunte
1118 2502 1180 2570 quo
1208 2484 1287 2552 loeti

217 2625 336 2694 eorpus
360 2612 410 2676 eut
430 2607 621 2675 trunolutum
644 2607 852 2692 greuboimue
879 2627 931 2676 reo
955 2627 1036 2693 quoe
1064 2607 1158 2676 ieeile
1179 2607 1286 2676 oouloe

221 2737 367 2800 euertere
389 2737 537 2818 poterent
558 2731 638 2799 ulio:
660 2737 790 2814 oroetue¹
810 2738 859 2800 oet
873 2731 966 2799 Odilo
983 2731 1080 2799 ebbae
1103 2733 1287 2800 morueterii

217 2855 466 2942 Nooubeienris,
504 2875 603 2943 nepos
638 2857 765 2942 quidem
802 2854 999 2924 celeberrimi
1032 2854 1285 2924 Cluoiuoeneium

220 2981 361 3064 obbatis,
392 2981 446 3065 qui
473 2985 582 3050 tumen
610 2981 737 3066 oognuti
765 2980 910 3068 exemplo
939 2986 1046 3067 spreto
1068 2999 1191 3048 summo
1214 2981 1287 3048 huie

223 3111 255 3172 et
275 3104 527 3173 Bremeteneium
550 3103 742 3173 monasterio
763 3103 863 3172 luotui
885 3109 963 3172 erut
996 3103 1103 3190 lprum
1126 3077 1285 3172 uuotorem

223 3233 406 3316 querentem
433 3228 524 3296 audie
548 3249 622 3317 epp.
638 3231 749 3296 5·-i.
788 3229 834 3296 At
862 3229 1007 3314 quemuis
1028 3227 1099 3296 leue
1121 3233 1191 3296 eret
1211 3231 1286 3296 noui

222 3353 346 3422 obbotie
379 3354 557 3438 ingenium,
591 3359 699 3422 temon
727 3373 791 3420 non
819 3353 1026 3420 dubitandum
1054 3355 1131 3439 quin
1159 3351 1287 3422 Cluuiu-

223 3478 363 3546 eeneium
404 3479 575 3545 uuotoritue
612 3477 677 3545 illie
711 3497 834 3564 quoque
867 3478 945 3545 looie
981 3477 1154 3545 inuuluerit
1192 3483 1287 3564 atque

222 3601 410 3689 dieoiplioue
431 3621 541 3669 eorum
564 3603 718 3669 seueritas
740 3621 804 3669 uon
832 3601 937 3669 olieuu
965 3601 1005 3669 ab
1031 3602 1077 3668 eie
1100 3621 1181 3688 queo
1203 3602 1286 3670 uoti-

221 3727 329 3814 quitue
355 3725 476 3793 trudito
503 3732 594 3818 erunt
621 3745 680 3812 per
707 3725 865 3811 regulam,
892 3745 957 3793 non
985 3726 1096 3813 puuoie
1124 3726 1286 3795 moneolriu

221 3849 403 3918 uenerando
425 3850 468 3918 eit
490 3851 568 3918 uiso.
598 3849 650 3918 Ex
671 3849 773 3938 ipsius
788 3848 955 3918 Walthurii
968 3850 1038 3918 uita
1060 3871 1154 3936 quum
1177 3856 1287 3918 auctor

222 3974 332 4042 multie
359 3975 507 4062 exposuit
534 3975 639 4044 uerbie
667 3976 727 4042 hoo
758 3975 793 4042 ni
824 3973 918 4042 tollor
948 3980 1090 4062 eppuret
1135 3975 1285 4059 Antiquie

220 4101 320 4185 igitur
346 4099 543 4187 temporibus
569 4101 668 4166 refert
694 4098 722 4166 ll
749 4119 775 4167 u
802 4103 820 4166 7
849 4099 964 4166 fortem
993 4099 1149 4184 quendem
1180 4099 1285 4166 uirum
