3036 4914
809 813 882 908 llll

399 1007 618 1074 Chroniccn
641 1005 915 1073 noucliciense
932 1005 1145 1092 perscriptum
1161 1010 1209 1072 est
1223 1005 1257 1071 in
1272 1003 1375 1072 rotulo

310 1129 349 1199 eir
384 1135 426 1199 28
461 1131 653 1198 membranis
688 1131 832 1197 diuersae
865 1130 1071 1215 longitudinis
1106 1149 1200 1196 unam
1237 1105 1375 1215 palmam

309 1255 383 1323 lctis
406 1256 580 1341 conposito,
605 1274 685 1340 quoe
708 1254 848 1322 efficiunt
871 1254 966 1340 paulo
989 1254 1061 1341 plus
1084 1253 1231 1320 undecim
1254 1254 1374 1320 metris.

310 1381 459 1448 Anterior
481 1379 577 1446 rotuli
600 1399 675 1466 pars
699 1383 776 1462 tots,
803 1379 959 1465 posterior
983 1378 1022 1445 cd
1046 1378 1183 1445 medinm
1205 1383 1377 1465 occupetur

310 1504 466 1571 chronico.
508 1503 584 1569 Pars
613 1503 769 1588 quaedam
793 1503 938 1589 superior
960 1504 994 1567 in
1019 1523 1080 1589 qne
1103 1502 1199 1589 primi
1227 1502 1303 1569 libri
1326 1521 1376 1569 ce·

310 1629 378 1715 pita
404 1631 441 1694 11
467 1628 576 1715 priora
599 1632 729 1694 exorate
752 1632 852 1711 erant,
876 1626 1014 1694 abscissa
1036 1627 1172 1708 interiit;
1196 1626 1376 1712 infraque

310 1772 371 1838 que
395 1753 548 1838 quaedam
573 1752 682 1819 deesse
705 1751 867 1818 uidentur:
892 1771 964 1818 nam
990 1752 1044 1837 qni
1067 1771 1130 1818 una
1148 1751 1270 1818 interiit
1284 1770 1376 1836 quur·

310 1880 361 1943 tus
396 1875 476 1943 liber
510 1896 581 1942 cum
615 1876 772 1942 indicibus
808 1877 909 1961 quinti
943 1875 1140 1960 longitudine
1174 1875 1242 1942 sine
1280 1874 1375 1941 dnbio

311 2000 482 2086 superabat
504 2001 575 2066 isto.
615 1999 684 2079 Qua
706 2020 790 2066 nnnc
813 2005 862 2067 cst
883 2000 1066 2067 condicione
1087 1998 1221 2082 rotulus,
1245 2019 1309 2065 non
1333 1998 1377 2065 sic

311 2145 350 2192 ex
375 2125 511 2192 auctoris
535 2145 631 2192 menn
661 2124 790 2211 prodiit.
830 2124 941 2191 solutis
970 2124 1137 2209 aliquando
1166 2125 1284 2191 suturis
1314 2142 1376 2189 non

311 2248 440 2315 dubium
466 2251 542 2333 quin
565 2270 629 2315 una
651 2249 763 2316 saltem
780 2248 964 2316 membrana
979 2249 1140 2316 exciderit.
1170 2253 1267 2333 quote
1280 2246 1377 2314 fucrit

312 2391 351 2439 ex
387 2373 581 2456 singularum
612 2341 867 2441 membranarum
895 2373 1007 2459 primis
1034 2372 1140 2439 uerbis
1172 2391 1253 2457 quoe
1281 2371 1375 2440 Beth·

312 2516 446 2564 mcnnus
469 2497 655 2584 plerumque
676 2497 830 2565 indicauit
853 2498 1020 2584 conputari
1042 2501 1160 2584 potest:
1190 2502 1268 2582 puts
1294 2497 1376 2563 inter
1498 2559 1499 2582 ᾗ

313 2621 480 2707 septimam
510 2627 542 2689 ct
570 2627 715 2690 octauam
744 2622 832 2690 cuins
860 2623 895 2688 in
923 2622 1026 2690 fronte
1050 2627 1118 2688 erat
1139 2621 1213 2687 libri
1236 2620 1265 2686 ll
1288 2639 1315 2687 c.
1335 2622 1373 2688 16

312 2750 407 2830 atque
430 2766 456 2812 c.
476 2750 516 2813 17
540 2747 677 2830 initium,
701 2747 734 2812 in
758 2751 846 2829 tergo
870 2745 1053 2832 appendicis
1077 2750 1190 2830 quarte
1212 2738 1318 2831 pers.v

401 2869 544 2937 Diuersis
583 2878 688 2938 cutem
723 2862 876 2937 manibus
903 2874 1067 2938 exoratum
1105 2877 1154 2936 cst
1190 2869 1373 2949 chronicum

312 2996 376 3060 tres
396 2993 615 3063 'Bethmennus
639 2996 715 3062 sutis
743 3000 829 3063 certo
858 2995 903 3062 eit
931 2994 1073 3078 dignosci
1100 3014 1203 3081 posse.
1243 3012 1373 3078 quarum

311 3138 392 3203 unu,
424 3139 504 3204 quae
531 3121 639 3186 multis
668 3120 849 3203 locisquae
876 3118 1076 3185 sciscerent
1108 3119 1260 3201 correxit,
1296 3136 1374 3202 quoe
1496 3149 1497 3180 r

311 3243 430 3308 omissa
459 3245 634 3331 suppleuit,
667 3244 803 3310 auctoris
834 3243 986 3310 habenda.
1027 3243 1157 3310 alteram
1188 3247 1220 3310 et
1249 3243 1373 3308 tertiam

311 3366 487 3435 scribarum
516 3368 593 3434 dicit
622 3387 699 3453 ques
727 3367 868 3435 numeris
896 3368 965 3433 let
986 3366 1014 3433 ll
1045 3367 1198 3454 appositis
1226 3365 1374 3434 discrenil
1495 3449 1496 3462 ἦ

312 3509 422 3557 uersus
451 3491 545 3558 linem
575 3491 734 3558 difficilius
761 3491 1027 3559 internoscendas.
1067 3490 1117 3557 Ab
1149 3491 1219 3578 ipso
1248 3496 1372 3558 auctore
1495 3475 1496 3494 ¹

312 3619 442 3682 exarata
463 3616 560 3684 habes
578 3616 648 3683 1119
671 3617 811 3682 maxime
834 3637 873 3714 ex
896 3620 986 3702 parte
1010 3616 1095 3696 (nom
1120 3620 1280 3702 postrema
1301 3634 1372 3702 pars

312 3737 433 3805 scribae
455 3739 484 3805 ll
508 3741 584 3824 est),
614 3746 679 3807 tres
708 3740 804 3827 primi
833 3739 952 3806 indices
976 3739 1050 3806 libri
1073 3739 1116 3806 ΙΙΙ
1139 3745 1232 3824 atque
1256 3739 1370 3806 indices
1492 3800 1493 3804 ,

312 3865 454 3930 20-33
484 3869 595 3950 postea
625 3864 780 3952 suppleti,
815 3863 858 3929 lll
887 3882 913 3929 c.
939 3867 978 3931 18
1009 3864 1153 3930 medad
1182 3863 1276 3931 finem
1307 3863 1370 3931 eins

310 3986 399 4070 libri,
428 3987 502 4055 libri
525 3988 567 4054 IV
595 3989 658 4055 iam
688 3988 797 4055 omissi
820 3987 956 4070 indices,
986 3988 1120 4075 denique
1143 3988 1163 4056 l.
1181 3988 1250 4056 Vc
1270 3993 1309 4074 13
1333 3985 1369 4052 cd

309 4109 414 4179 finem.
