3036 4914
638 1287 654 1382 I

155 1480 356 1596 Librorum
375 1479 563 1558 Waltharii
592 1486 769 1579 quotquot
796 1487 950 1558 aetatem
977 1483 1137 1558 tulerunt

289 1627 457 1720 quattuor
483 1621 711 1721 potissimum
737 1629 821 1699 sunt
848 1623 1014 1699 ordines:

632 1841 672 1912 α

111 1988 234 2058 ΑΙίδοτ
268 1990 598 2057 Caroliruhensie
626 2013 657 2056 n.
686 1993 749 2056 103
778 2001 803 2056 e.
824 1991 883 2056 XII
905 1992 948 2056 in.
974 1992 1012 2069 (e.
1033 1991 1078 2057 IX
1102 1991 1182 2058 Mel-

154 2116 215 2180 teri
243 2116 362 2181 iudicia
394 2117 448 2200 qui
483 2115 605 2182 conferi
631 2114 753 2180 Rabani
789 2113 986 2181 Corbeiensis
1022 2116 1181 2200 specimen

154 2237 430 2320 biabillonianum)
466 2240 597 2306 membr.
625 2238 728 2304 forma
766 2241 879 2303 octaua
912 2238 934 2303 f.
963 2239 1090 2304 ‘224'-
1104 2240 1179 2305 248.

155 2361 230 2428 olim
260 2363 395 2430 fortasse
424 2337 609 2446 Augieneis,
644 2364 707 2427 iam
737 2367 810 2428 ante
839 2383 866 2426 a.
893 2361 1091 2428 MDOOOIIII
1120 2384 1181 2448 quo

155 2488 253 2554 eeteri
277 2487 345 2553 eius
369 2487 554 2553 monasterii
577 2486 700 2552 eodieee
725 2485 931 2552 bibliothecae
947 2485 1181 2553 Caroliruhensi

154 2607 275 2677 inlatae
306 2617 380 2676 sunt
410 2630 446 2677 ee
483 2610 632 2675 adueebus
668 2629 707 2675 ex
741 2609 815 2675 bibl.
840 2610 1107 2692 maregrauiorum
1142 2611 1181 2677 de

32 2791 35 2798 .
156 2731 401 2800 baden-Baden
429 2735 480 2814 (ef.
502 2733 643 2799 erebium
671 2733 855 2799 francofurt.
871 2733 899 2798 II
923 2734 1017 2816 371),
1044 2733 1181 2816 Augiam

157 2878 233 2924 uero
262 2857 402 2924 adlatum
435 2879 473 2924 ex
504 2857 578 2923 bibl.
604 2856 653 2922 Sti
682 2855 765 2922 Galli
793 2856 966 2939 Duemgius
998 2862 1030 2923 et
1057 2857 1181 2924 Meuius

126 2973 131 2983 '
157 2982 311 3068 suspieati
335 2987 409 3048 eunt
432 2982 520 3060 (ibid.
538 2981 551 3046 Ι
569 2981 657 3059 243).
688 2979 811 3046 Certius
827 2980 905 3045 mibi
922 2980 1050 3063 aliquod
1073 2981 1182 3046 uideor

157 3105 290 3188 origInis
317 3105 484 3188 uestigium
516 3105 676 3170 inuenisse
706 3105 789 3188 quod
817 3109 922 3169 tamen
955 3103 1081 3188 penitus
1109 3124 1181 3189 per·

157 3229 247 3313 sequi
271 3249 402 3314 nequeo.
438 3229 519 3297 Nam
549 3234 675 3314 praeter
700 3227 904 3313 „Hysiai-iam
926 3225 1092 3294 Waltarii“
1118 3228 1182 3293 aIia
1293 3217 1294 3220 ¹

158 3372 256 3438 opera
278 3358 426 3438 quattuor
449 3352 583 3418 diuersis
607 3351 752 3418 manibus
776 3371 801 3417 e.
817 3351 876 3417 XII
901 3357 933 3418 eb
955 3351 1028 3417 XIII
1051 3356 1182 3418 exarata

157 3476 218 3543 hee
238 3475 320 3543 libre
343 3477 559 3543 eontinentur:
583 3481 658 3540 sunt
681 3479 786 3542 autem
808 3475 900 3542 haee:

142 3668 145 3675 ,
223 3599 378 3668 Aleuinus
401 3600 440 3666 de
462 3599 604 3666 trinitate
626 3599 660 3665 Ii.
676 3599 729 3664 III.
746 3599 886 3665 eiusdem
910 3598 1010 3664 oratio
1026 3597 1066 3664 de
1082 3618 1106 3664 e.
1124 3598 1182 3665 tri·

158 3725 268 3790 nitate.
303 3723 438 3810 epistole
466 3722 605 3790 eiusdem
638 3723 678 3789 ad
707 3722 915 3806 Fridegieum.
951 3722 991 3788 ad
1020 3720 1178 3789 Eulaliem

160 3846 193 3913 Ii.
211 3847 233 3912 I.
259 3847 299 3913 ad
321 3847 497 3914 Guidenem
521 3847 668 3913 eomitem
690 3846 723 3912 Ii.
740 3846 763 3911 I.

224 3970 368 4056 Excepta
391 3993 429 4038 ex
453 3971 612 4057 opusculis
636 3970 668 4036 S.
685 3971 852 4056 leronymi.

226 4094 298 4162 Vita
320 4095 483 4161 Pachumii
506 4093 638 4160 abbatie.

912 4213 955 4268 a*
