3036 4914
734 447 822 494 'XXV

248 609 366 674 mirum
400 628 470 673 cum
500 629 594 692 quam
624 606 689 674 late
712 612 885 692 peruagata
913 607 954 672 sit
982 605 1059 671 haec
1087 605 1227 671 recensio
1260 625 1315 689 per

248 739 354 798 terras
383 737 568 819 conpertum
596 732 778 798 habeamus.
825 731 884 808 Qui
917 731 955 796 ad
984 751 1042 796 nos
1065 734 1221 796 uenerunt
1242 728 1315 794 libri

248 857 337 940 BbT,
362 877 468 922 eorum
488 857 609 922 nullum
634 857 673 922 ab
697 854 795 922 altero
819 855 1012 942 descriptum
1037 854 1182 937 arbitror,
1206 874 1316 937 quam·

250 1002 348 1066 quam
375 981 476 1046 uideri
506 982 606 1066 possit
633 981 684 1046 hic
714 980 779 1047 illie
808 980 827 1046 b
858 999 896 1046 ex
919 977 962 1062 B,
993 979 1017 1044 T
1049 999 1087 1044 ex
1116 979 1135 1044 b
1162 977 1315 1064 pendere:

249 1106 421 1190 unicuique
442 1105 552 1170 horum
578 1106 704 1171 saniora
726 1111 800 1171 sunt
815 1104 928 1188 quibus
951 1124 970 1169 3
993 1123 1049 1169 suo
1073 1123 1186 1186 genere
1209 1101 1316 1168 uidea-

250 1237 305 1296 tur
328 1230 509 1296 desciscere.
534 1230 617 1314 quod
641 1251 717 1315 praa
740 1230 852 1296 ceteris
880 1230 913 1294 in
936 1227 1152 1294 recentissimo
1176 1227 1317 1292 omnium

250 1355 277 1420 T
303 1353 563 1439 deprehenditur:
587 1354 682 1420 habet
703 1355 731 1420 is
755 1355 818 1418 327
844 1354 939 1418 Haeo
963 1354 999 1418 ob
1018 1356 1166 1417 uirtutem
1188 1370 1258 1417 cum
1275 1351 1315 1433 A,

251 1479 319 1544 789
343 1480 583 1544 hadamardurn.
609 1481 691 1546 etate
705 1478 843 1562 itemque
869 1478 954 1542 1104
978 1489 1094 1542 teneaat
1111 1495 1182 1542 cum
1206 1499 1244 1557 α;
1268 1480 1316 1542 est

249 1603 308 1668 ubi
331 1601 443 1668 metius
468 1602 543 1686 quid
567 1623 661 1686 quam
685 1603 781 1670 ceteri
805 1621 913 1668 omnes
938 1599 1096 1685 praebeat
1121 1605 1156 1666 ut
1179 1601 1245 1666 300
1268 1602 1315 1665 dr'o

249 1751 337 1792 aena.
378 1725 460 1810 quod
484 1726 549 1800 358
573 1747 644 1792 cum
667 1727 692 1792 Ο
714 1727 792 1809 legit
813 1727 968 1814 sepultae,
999 1725 1086 1792 casui
1114 1729 1239 1811 poterat
1262 1724 1316 1790 ad·

250 1851 430 1932 numerari3
455 1871 516 1916 non
533 1857 639 1918 tamen
656 1852 701 1917 sic
716 1851 920 1916 iudicauerim
938 1849 976 1916 de
992 1871 1021 1915 u.
1036 1849 1101 1914 495
1118 1849 1172 1915 ubi
1187 1863 1317 1938 raptem

250 1975 316 2040 OT.
353 1975 425 2040 Non
448 1975 674 2044 transeundum
705 1976 790 2040 1386
820 1994 891 2040 cum
914 1974 943 2040 H
966 1974 1069 2057 legere
1098 1978 1217 2056 acerete,
1251 1975 1316 2038 342

251 2119 398 2166 seruasse
421 2100 504 2184 quod
528 2121 624 2165 unum
650 2119 759 2166 uerum
784 2105 832 2166 est
853 2104 928 2186 tpae
950 2118 1021 2163 cum
1044 2095 1120 2181 HD,
1155 2098 1220 2162 532
1244 2117 1316 2162 cum

251 2223 340 2289 CDH
369 2238 410 2290 at.
449 2223 500 2289 Ex
527 2243 590 2318 uno
612 2223 698 2290 fonte
721 2242 791 2289 eum
815 2221 841 2288 Β
864 2224 918 2307 qui
947 2221 1135 2288 abhorrebat
1158 2241 1177 2288 a
1199 2221 1317 2287 nostris

250 2349 343 2414 libris
367 2369 438 2414 eum
462 2347 604 2414 hausisse
628 2353 761 2433 apparet
784 2369 823 2414 ex
847 2347 927 2431 722,
956 2346 1009 2412 ubi
1032 2347 1063 2412 in
1096 2353 1228 2432 utroque
1251 2348 1315 2412 Di·

251 2497 324 2540 eeee
348 2472 524 2558 praefixum
548 2473 668 2556 uersui,
697 2473 775 2538 item
798 2493 837 2538 ex
862 2471 942 2555 319,
972 2472 1026 2537 ubi
1056 2491 1136 2556 quae
1163 2472 1205 2537 sit
1229 2471 1316 2555 origo

250 2600 380 2684 ineptae
396 2597 540 2664 lectionis
556 2596 770 2662 Bruxellensis
793 2595 866 2662 libri
889 2598 1081 2682 retrahitque
1102 2599 1207 2662 redire
1228 2600 1317 2663 aide·

250 2747 303 2788 ree
326 2723 428 2788 elucet
451 2721 530 2788 exT
553 2721 606 2804 qui
630 2725 731 2787 totum
755 2721 801 2786 sic
823 2720 964 2787 exhibet:
990 2735 1115 2788 euectos
1137 2722 1317 2810 retrahique

250 2850 394 2926 uiderem
423 2851 553 2930 uterquc
582 2845 676 2910 etiam
708 2845 793 2910 1424
828 2848 974 2912 recreati.
1021 2845 1179 2931 Exempla
1207 2845 1261 2911 ubi
1291 2846 1315 2911 T

251 2991 325 3038 cum
353 2972 373 3037 b
403 2975 467 3037 stat
494 2974 603 3035 eontra
631 2967 658 3034 B
686 2968 763 3035 haee
791 2968 887 3035 habes
919 2969 962 3034 35
991 2971 1030 3034 71
1062 2970 1127 3034 524
1156 2969 1220 3035 581
1251 2971 1316 3035 629

254 3096 357 3176 1134;
392 3099 501 3160 contra
534 3099 701 3178 utrumque
729 3093 773 3157 34
803 3093 877 3158 319.
924 3093 969 3159 At
996 3093 1083 3178 piget
1110 3092 1187 3158 haec
1221 3093 1316 3160 latius

252 3220 417 3306 persequi,
446 3238 517 3285 cum
542 3218 620 3284 nihil
643 3218 716 3284 inde
745 3218 865 3284 oriatur
886 3217 1017 3284 fructus.
1064 3217 1130 3282 Iam
1160 3219 1260 3302 enim,
1290 3221 1316 3284 si

253 3365 317 3430 qua
345 3363 446 3430 nuper
475 3343 628 3425 dignitate
656 3343 784 3424 gauisus
812 3347 860 3408 est
888 3341 967 3408 liber
989 3340 1205 3408 Bruxellensis
1234 3344 1317 3427 quod

250 3469 354 3534 instar
377 3468 518 3534 omnium
534 3465 742 3532 Geraldianae
764 3467 956 3532 recensionis
980 3465 1206 3553 exemplarium
1224 3473 1316 3551 esset,

253 3592 455 3658 deturbatum
483 3593 553 3658 cum
583 3609 641 3656 nec
672 3589 815 3655 Parisino
844 3610 903 3657 nec
932 3591 1118 3657 Treuerensi
1146 3590 1316 3675 quidquam

253 3717 451 3782 auctoritatis
482 3713 706 3798 indulgendum
734 3718 868 3797 constat,
897 3719 1064 3799 postquam
1096 3713 1195 3779 multo
1226 3721 1317 3782 uetu-

201 3822 207 3828 ’
254 3841 384 3907 stiorem
423 3839 515 3905 huius
555 3838 673 3903 ordinis
712 3837 828 3903 librum
864 3858 1014 3904 coaeuum
1054 3839 1154 3924 ipsius
1189 3838 1315 3904 Geraldi

254 3965 358 4050 primo
383 3964 556 4048 exemplari
587 3968 680 4048 atque
707 3963 811 4028 neseio
836 3981 875 4028 an
904 3963 977 4028 inde
1005 3961 1182 4028 deriuatum
1210 3964 1317 4028 nancti

254 4109 373 4154 sumus.
