3036 4914
806 435 891 481 XXIV

316 597 367 677 Hy
395 596 460 662 548
483 599 637 660 innocuos
667 595 732 659 682
755 618 829 660 mon
857 594 1087 658 686Ε101010
1116 591 1180 657 759
1204 593 1382 656 Hodoooort

317 734 383 786 tom
422 721 716 785 snoudunam
757 719 842 783 1043
865 719 916 783 tio
945 718 1168 802 interpositum
1198 714 1327 799 00101),
1356 714 1381 778 T

317 847 399 910 tuno
421 842 551 926 inserit,
589 844 674 907 1134
698 845 863 908 nasonido'e
907 842 992 906 1136
1016 844 1114 907 denso
1153 841 1239 904 1316
1258 863 1382 926 pronae

320 968 406 1032 1354
430 970 582 1033 ostendito
622 967 707 1030 1443
732 980 887 1032 eoactum:
916 985 1026 1042 uerum
1057 965 1136 1032 haee
1164 983 1227 1030 non
1254 963 1384 1049 propria
1506 983 1507 1062 ,

317 1091 348 1156 Η
371 1091 421 1157 001
443 1119 474 1174 y,
503 1091 559 1157 sed
587 1090 766 1156 eommunia
794 1089 1036 1176 archetyporum
1059 1089 1088 1154 D
1114 1093 1145 1154 01
1167 1087 1198 1154 Η
1227 1087 1384 1156 censenda
1506 1081 1507 1134 1

319 1221 425 1296 erunt3
457 1221 551 1300 atque
574 1234 644 1281 eum
669 1235 732 1280 non
757 1215 863 1280 omnia
886 1219 918 1279 01
945 1235 985 1279 ne
1013 1213 1151 1299 plurima
1180 1213 1323 1296 quidem,
1353 1217 1385 1277 01

318 1340 472 1424 quaedam
501 1345 624 1423 tamen,
655 1339 707 1405 ubi
735 1337 783 1404 illi
806 1339 1021 1421 consentiunt,
1051 1338 1175 1403 ueriora
1203 1336 1268 1402 sint
1290 1355 1383 1420 quam
1508 1383 1510 1412 2

319 1464 447 1530 exhibet
470 1492 492 1529 α
515 1463 602 1530 00101
625 1464 687 1528 397
714 1463 850 1547 01513,
881 1463 915 1527 in
942 1467 1032 1528 tanta
1055 1460 1206 1528 bonorum
1230 1460 1382 1526 librorum

319 1589 452 1673 penuria
475 1608 538 1653 non
562 1587 684 1652 minimi
707 1587 885 1653 iaciendum
911 1587 971 1652 erit
994 1586 1067 1652 libri
1090 1585 1119 1651 D
1144 1584 1308 1650 auxilium.

409 1711 517 1796 lpsum
541 1697 703 1797 exemplar
720 1709 960 1777 vindobonense
976 1730 1039 1776 non
1054 1710 1152 1776 luisse
1171 1711 1237 1776 0100
1261 1710 1384 1794 generis

319 1843 340 1921 β
363 1837 547 1922 primarium
572 1836 650 1902 uitia
673 1836 842 1902 ostendunt
866 1854 946 1919 quae
969 1855 1032 1900 non
1056 1834 1177 1900 auotori
1200 1834 1254 1900 sed
1279 1853 1384 1900 merae
1508 1882 1509 1940 ,

319 1960 440 2026 librarii
457 1960 672 2042 neglegentiae
690 1959 858 2026 tribuenda
881 1979 907 2024 e.
925 1979 953 2042 g.
980 1959 1045 2023 854
1059 1960 1155 2044 ferne
1178 1959 1244 2024 910
1265 1963 1385 2046 inipetu
1508 1945 1509 1962 ¹

322 2084 407 2148 1489
426 2089 538 2170 poenit
563 2086 648 2150 1424
672 2084 725 2150 011
750 2083 881 2169 abipso
906 2088 1033 2148 auctore
1055 2090 1076 2168 β
1095 2107 1157 2170 por
1179 2082 1283 2148 fuerat
1308 2082 1384 2148 sori·
1506 2058 1507 2092 r

318 2212 424 2294 ptum:
449 2209 561 2293 quibus
578 2209 751 2275 destruitur
766 2213 917 2288 metrum3
943 2208 1084 2292 apertius
1103 2208 1199 2272 etiam
1225 2208 1311 2272 1193
1335 2208 1385 2272 loe

318 2319 393 2397 rilee
417 2352 474 2417 pro
498 2357 583 2398 oneee
599 2331 651 2398 uel
665 2335 772 2398 teneor
796 2332 952 2398 redditum
974 2336 1068 2415 01000
1084 2352 1114 2398 u.
1134 2331 1219 2395 1415
1236 2331 1382 2397 mutilus:
1507 2393 1508 2408 p

320 2455 547 2521 dubitationem
565 2476 693 2542 prorsus
709 2460 874 2522 remouent
890 2475 999 2522 uersus
1016 2455 1136 2540 aliquot
1152 2455 1259 2520 omissi
1276 2461 1385 2522 eontra
1509 2535 1510 2540 ἵ

319 2579 474 2646 rationem
494 2581 534 2646 19
559 2581 623 2646 723
647 2582 713 2645 983
737 2581 802 2645 990
828 2581 924 2663 1404,
948 2580 1106 2646 ooniunoti
1126 2585 1290 2665 praeterea
1306 2579 1383 2646 2781
1509 2617 1510 2638 t

320 2705 397 2769 279·
427 2711 462 2769 ut
489 2704 626 2772 euaserit
648 2704 854 2790 heptameter.
893 2704 1034 2770 Alterius
1062 2704 1254 2770 recensionis
1278 2711 1383 2772 exem·
1509 2691 1511 2736 ἶ

320 2827 390 2912 plor
419 2834 544 2914 praesto
573 2829 671 2894 fuisse
697 2828 826 2894 librario
857 2833 986 2922 praeter·
1013 2829 1098 2894 1424
1128 2848 1224 2914 supra
1253 2829 1381 2895 citatum

320 2952 415 3018 etiam
447 2953 532 3018 1266
560 2954 650 3018 10110
682 2955 779 3018 1200
809 2952 985 3038 adscriptus
1014 2957 1158 3019 testatur.
1198 2936 1383 3040 Descriptus

287 3129 292 3138 .
321 3082 368 3144 001
391 3098 430 3143 01
446 3076 475 3142 D
493 3075 715 3162 Lipsiensis
732 3113 773 3123 -
791 3097 864 3143 nam
888 3097 968 3161 0000
991 3078 1118 3144 diuersa
1141 3077 1236 3144 habet
1259 3079 1382 3164 paneis-

320 3203 402 3268 sima
425 3206 498 3267 sunt
522 3207 615 3284 atque
632 3201 803 3266 minutula:
830 3203 893 3267 186
915 3203 1064 3268 mieoebot
1078 3221 1149 3267 eum
1166 3202 1277 3268 ceteris
1293 3202 1382 3268 libris

320 3347 359 3390 01
388 3324 526 3408 Vergilio
561 3325 703 3410 reposuit
737 3346 795 3411 pro
829 3329 997 3392 miscentur
1044 3327 1107 3392 180
1135 3350 1296 3393 numnoee
1327 3346 1381 3412 pro

319 3463 517 3515 unlneratum
545 3449 653 3534 lapsus
685 3455 733 3516 001
761 3450 874 3515 ealami
903 3450 1011 3534 000100
1035 3450 1132 3516 habes
1158 3451 1221 3516 164
1253 3451 1316 3516 105
1341 3485 1380 3494 -

321 3579 414 3657 01000
443 3573 541 3639 multo
569 3579 642 3659 post
673 3574 774 3640 alter
804 3573 1121 3640 vindobonensis
1155 3596 1247 3660 quem
1282 3574 1381 3640 solum

319 3696 506 3764 IGrimmius
531 3699 597 3764 eius
620 3699 744 3781 generis
768 3697 911 3764 habebat.

266 3850 286 3904 y
321 3821 404 3899 Quos
442 3821 538 3887 libros
579 3822 686 3889 littera
722 3849 743 3904 y
782 3822 927 3907 conplexi
967 3836 1075 3888 sumus
1097 3843 1303 3908 ·qnamquom
1345 3822 1382 3888 de

323 3966 431 4012 eorum
465 3946 651 4029 cognatione
685 3966 724 4012 ne
757 3945 920 4012 leuissima
954 3947 1079 4031 quidem
1115 3948 1251 4014 existere
1285 3947 1382 4034 possit

322 4069 477 4136 dubitatio
511 4075 618 4136 tamen
646 4071 729 4137 inter
759 4090 793 4136 se
821 4070 914 4137 ualde
943 4071 1061 4137 diuersi
1090 4076 1171 4137 sunt.
1210 4071 1297 4138 Nihil
1324 4070 1382 4136 hoe
