3022 4920
657 441 699 506 73

145 635 211 688 1330
253 619 377 684 Nudam
402 621 499 684 aoiem
525 619 611 684 saevi
634 619 792 686 mucronis
816 619 849 684 in
873 639 928 684 ora
951 618 1084 684 tulisset.

254 727 403 810 Siu'dum
428 742 622 810 Waltberius
646 743 759 810 uulnus
784 749 884 826 oauet,
909 744 962 810 ille
986 743 1122 826 resurgit

252 869 359 954 Atque
382 875 521 934 tremens
542 868 746 954 trepidusque
762 869 850 935 stetit
866 869 919 933 uix
935 873 1036 934 morte
1052 887 1207 934 reuersus.

299 993 364 1060 Neu
380 1014 469 1058 more
484 1013 541 1059 nee
557 994 697 1078 requies:
715 993 830 1060 bellum
847 994 1043 1060 instauretur
1055 1012 1208 1076 amarum,

253 1117 422 1184 Incurrunt
444 1117 601 1184 bominem
627 1138 710 1184 nuno
734 1119 826 1185 ambo
850 1139 994 1204 muneque
1018 1118 1174 1198 uicissim3

140 1257 209 1311 1333
254 1243 297 1308 Et
320 1242 393 1307 dum
418 1262 586 1328 progresso
610 1263 643 1308 se
667 1243 853 1328 inpenderet
875 1243 978 1308 aerius
1002 1242 1066 1325 uni,

253 1367 303 1432 En
328 1367 479 1461 deporto
503 1368 566 1432 aliu
589 1367 674 1433 subit
697 1367 777 1432 alter
800 1374 831 1432 et
853 1367 986 1454 impedit
1009 1368 1121 1433 letum:

253 1491 346 1557 Haud
371 1491 463 1558 aliter
486 1492 633 1557 numidus
658 1491 847 1576 quemdum
875 1493 1040 1558 uenubitur·
1061 1513 1152 1557 ursus

253 1617 297 1682 Et
319 1616 448 1682 cunibus
472 1616 684 1682 circumdatus
709 1619 791 1681 astat
814 1621 846 1682 et
869 1617 999 1683 artubus
1023 1617 1130 1682 horret

253 1741 297 1806 Et
319 1747 414 1827 eaput
438 1739 596 1807 ououltaos
621 1741 857 1807 submurmurat
880 1761 916 1807 ao
939 1742 1121 1827 propiuntes

142 1880 212 1935 1340
257 1867 454 1953 Amplexuns
478 1866 606 1932 umbros
630 1867 779 1932 miserum
804 1866 918 1932 mutire
940 1870 1074 1932 oourtut:

255 1991 335 2056 Tum
360 1991 462 2056 rabidi
487 1991 603 2057 oiroum
628 1993 746 2058 latrent
769 1991 840 2055 bine
864 1990 938 2056 inde
961 1989 1089 2056 molossi

255 2114 405 2181 Cominus
430 2135 465 2181 uo
487 2116 574 2182 dirae
599 2121 742 2183 metuunt
765 2115 912 2181 aooedere
934 2107 1054 2180 beluae.

258 2240 377 2307 Taliter
400 2242 432 2305 in
458 2261 571 2306 nonum
596 2241 758 2308 conflictus
781 2239 916 2306 fluxerat
937 2239 1046 2304 horum

257 2364 362 2450 Atque
386 2365 501 2452 triplex
526 2367 629 2432 inerat
652 2368 774 2434 eunetis
799 2365 969 2431 maceratio
994 2364 1064 2430 leti:
1122 2442 1124 2448 ,

143 2503 212 2560 1345
256 2490 371 2556 Terror
394 2490 516 2577 etipse
539 2491 628 2558 labor
652 2491 789 2559 bellandi
814 2492 888 2557 solis
912 2498 944 2558 et
967 2491 1068 2556 ardor.

302 2615 425 2681 Interea
448 2615 552 2681 herois
576 2618 680 2704 eoepit
703 2617 872 2702 subrepere
894 2614 993 2680 menti

258 2739 423 2824 Quidnam,
449 2742 501 2826 qui
526 2743 621 2808 tacito
646 2742 761 2828 premit
784 2741 840 2806 has
864 2739 921 2805 sub
938 2740 1030 2806 eorde
1053 2739 1209 2824 loquelas:

252 2863 299 2930 ‘si
322 2865 449 2932 fortuna
472 2867 556 2931 uiam
580 2885 643 2931 non
665 2865 917 2947 eommutauerit,
940 2865 994 2932 isti

258 2989 347 3056 Uenu
368 2991 533 3074 fatigatum
560 2995 675 3056 memet
699 3011 754 3075 per
777 2989 899 3055 ludiora
921 2986 1052 3055 fallent.³

144 3112 357 3124 ——-.,.......--.--

217 3165 285 3220 1331
305 3166 450 3222 Wsl’tr’O
524 3167 591 3220 1332
609 3165 792 3235 stupidusque
815 3187 833 3237 γ
905 3165 974 3219 1333
996 3163 1152 3234 bellumque
1170 3163 1209 3218 in·

145 3276 253 3328 stourat
279 3272 304 3325 D
380 3273 447 3328 1335
473 3287 621 3343 progressu
648 3274 673 3327 D
695 3271 910 3342 {impenderent
937 3270 962 3325 A
999 3270 1161 3341 inpenderet
1188 3271 1210 3326 O

147 3377 213 3434 1337
234 3379 310 3433 Haut
326 3381 352 3434 D
379 3371 433 3434 he'td
451 3381 495 3447 (al.
512 3384 589 3448 eurr.)
608 3379 654 3447 ΑΙ
675 3379 797 3434 tumidus
816 3379 841 3433 D
862 3380 867 3446 Ι
888 3386 971 3433 cetero
990 3379 1166 3435 desiderantur
1185 3387 1209 3432 br

94 3543 97 3549 ,
146 3483 168 3539 O
224 3485 293 3540 1338
312 3485 439 3540 adstutB
495 3487 564 3541 1333
583 3485 711 3556 oepudA
767 3487 837 3542 1340
856 3484 966 3540 umbros
984 3488 1026 3550 (os
1045 3487 1211 3549 renierus.)

146 3589 171 3642 D
187 3595 192 3660 1
209 3591 360 3647 miserosT
376 3595 381 3659 Ι
397 3593 507 3647 muttire
525 3593 574 3648 DB
631 3595 698 3648 1341
718 3593 831 3648 TunoB
848 3594 854 3660 Ι
869 3591 956 3662 rapidi
969 3591 1018 3645 AB
1040 3589 1127 3644 rabidi
1139 3591 1190 3645 ΒΤ
1206 3589 1209 3660 Ι

147 3699 384 3753 circumlatrentss
401 3701 405 3767 Ι
421 3700 552 3754 molosiB
609 3701 677 3755 1342
690 3700 820 3755 (lominus
833 3698 884 3753 AT
903 3697 1061 3753 Comminus
1073 3695 1142 3752 DBb
1158 3698 1162 3765 1
1179 3697 1210 3752 G.

148 3810 230 3875 atquo
248 3804 305 3860 fere
323 3823 359 3860 m.
373 3822 397 3860 a.
411 3806 469 3878 dire
488 3806 513 3859 D
569 3807 638 3861 1343
655 3806 750 3861 horam
764 3805 864 3860 ADBT
888 3804 989 3860 undam
1007 3804 1124 3858 [Grtmm
1144 3823 1173 3857 er
1193 3802 1210 3857 b

149 3912 219 3967 1344
237 3912 329 3982 Atque
340 3914 366 3966 D
382 3917 409 3966 et
422 3921 497 3967 cereri
514 3915 518 3981 Ι
535 3914 640 3968 eunetis
658 3913 746 3968 inerat
764 3934 782 3984 y
837 3911 905 3968 1346
924 3925 1067 3980 surrepere
1085 3910 1108 3963 T
1136 3922 1210 3962 sure-

149 4033 212 4085 pere
231 4019 249 4074 b
269 4023 274 4086 Ι
298 4020 377 4074 morti
396 4021 418 4073 Β
487 4021 554 4074 1341
574 4019 645 4089 quill
667 4020 696 4086 (d
716 4020 792 4087 erae.)
816 4019 840 4073 B
906 4019 975 4073 1348
994 4018 1211 4072 eommuteuerot

150 4123 171 4178 Β
193 4127 197 4193 Ι
217 4126 290 4181 uiam
310 4127 363 4181 iam
383 4141 437 4182 non
457 4127 604 4184 mutauerit
622 4127 666 4180 isti
685 4127 709 4180 T
730 4127 735 4194 Ι
755 4125 815 4180 istis
833 4126 859 4180 D
915 4125 983 4180 1349
1001 4122 1099 4179 fallunt
1117 4122 1139 4177 Β
