3036 4914
641 433 708 480 XX}

304 592 340 656 od
364 557 553 657 intulerunt:
582 590 730 656 uidentur
753 596 857 658 autem
885 593 1019 659 Obsecro
1043 593 1132 660 uerbi
1155 592 1207 658 lit·
1254 571 1258 584 “

301 720 389 782 terae
413 715 533 800 aliquot
555 715 739 782 obscuratae
757 716 873 782 uitium
898 717 1052 799 genuisse.

141 861 172 905 ιι.
213 840 278 906 789
302 839 537 906 Hadawumum
559 845 643 906 recte
667 840 732 906 aT:
763 844 796 904 at
826 860 936 905 uersus
966 839 1107 907 clausula
1138 861 1207 906 cor·

304 969 397 1050 rupta
421 969 455 1032 nt
477 964 556 1031 illud
578 965 611 1030 in
635 962 712 1030 DBb
735 967 911 1031 mutaretur
934 984 1029 1031 cansa
1050 965 1121 1031 fuit.

230 1086 330 1171 Igitur
358 1108 429 1154 eum
458 1095 480 1172 β
509 1094 540 1155 et
568 1115 588 1170 γ
617 1109 656 1155 ex
685 1115 707 1154 a
741 1089 923 1156 recensione
959 1089 1131 1174 pendeant,
1168 1090 1207 1156 ad

138 1211 238 1279 libros
261 1213 292 1278 A
315 1218 347 1278 et
369 1212 394 1279 0
417 1212 615 1298 potissimum
641 1218 806 1280 contextus
831 1213 891 1279 erit
909 1213 1104 1298 formandus,
1129 1235 1207 1299 quos

138 1336 238 1403 libros
274 1356 345 1402 cum
379 1353 442 1402 non
478 1335 622 1403 meliores
658 1356 752 1421 quam
782 1343 955 1404 ceterarum
989 1337 1203 1404 recensionum

31 1469 39 1488 ·
139 1460 433 1552 archetypa'iuisso
457 1480 553 1546 supra
576 1463 833 1544 cognouerimus‚
863 1467 930 1527 tum
955 1482 994 1529 ex
1019 1466 1206 1547 aetateque

139 1590 214 1651 sunt
238 1585 348 1670 scripti
372 1584 594 1669 suspicandum
627 1586 725 1652 multo
749 1586 892 1671 pluribus
916 1605 1010 1670 qnam
1039 1585 1094 1652 illa
1118 1587 1206 1653 uitiis

139 1708 268 1776 affectos
292 1729 369 1776 esse.
405 1708 514 1794 Neque
535 1709 618 1775 fallit
641 1730 679 1776 ea
701 1711 848 1796 suspicio.
887 1710 1049 1778 Permulta
1079 1710 1204 1796 quidem

140 1853 220 1918 quae
249 1834 344 1900 ceteri
368 1837 571 1900 mutauerant
598 1835 721 1917 integra
750 1834 841 1899 nobis
868 1834 945 1902 hacc
967 1834 1107 1901 codicum
1132 1834 1206 1918 biga

139 1957 287 2040 tradidit,
317 1962 350 2023 at
377 1963 483 2024 tamen
512 1957 618 2040 largus
649 1957 732 2024 inest
761 1959 910 2024 uitiorum
945 1979 1094 2026 numerus
1126 1980 1205 2045 quae

141 2081 275 2148 aliorum
303 2082 444 2148 codicum
475 2101 534 2168 ope
562 2101 797 2167 nonnumquam
834 2087 865 2150 et
898 2083 1001 2168 possis
1030 2089 1063 2149 et
1091 2084 1204 2150 debeas

143 2207 314 2292 corrigere,
330 2223 332 2228 ·
350 2227 412 2272 non
447 2206 516 2272 dico
551 2206 636 2272 locos
671 2206 726 2272 nbi
758 2206 805 2272 illi
843 2208 1022 2274 coniectura
1055 2208 1205 2274 uidentur

141 2351 249 2398 uerum
277 2331 437 2398 inuenisse
466 2336 503 2396 ut
534 2332 616 2396 1341
648 2333 777 2400 rabidos
805 2333 956 2428 molossos
991 2351 1047 2418 pro
1077 2336 1203 2422 rapidis
1294 2389 1296 2395 .

143 2457 228 2522 1170
257 2457 366 2522 Vincit
400 2475 457 2541 pro
487 2456 604 2522 Vincite
641 2456 705 2520 513
737 2459 773 2521 in
802 2476 946 2542 praepos
978 2457 1117 2542 sublata,
1150 2458 1205 2525 sed

141 2579 193 2646 ubi
216 2599 327 2646 uerum
351 2600 389 2646 ex
414 2579 594 2666 archetypis
618 2584 666 2646 est
689 2585 907 2666 propagatum.
946 2579 992 2647 At
1014 2602 1202 2667 quamquam

139 2705 184 2772 ita
206 2725 258 2772 res
282 2710 345 2789 est,
375 2725 415 2770 ne
438 2709 545 2770 tamen
568 2703 708 2770 abutaris
731 2703 893 2771 IGrimmii
921 2705 1078 2772 sententia
1099 2727 1130 2793 p.
1149 2707 1203 2790 56,

139 2835 174 2896 ut
196 2830 306 2916 credas
336 2829 471 2913 eligendi
500 2849 539 2895 ex
567 2828 737 2896 lectionum
767 2830 927 2914 farragine
955 2831 1107 2916 quidquid
1135 2831 1204 2918 pla·

139 2955 240 3022 cuerit
261 2953 393 3022 liberam
416 2953 475 3020 tibi
498 2973 566 3020 esse
590 2957 789 3039 potestatem.

93 3078 116 3144 Α
141 3079 217 3146 Vter
239 3078 332 3174 huius
356 3078 547 3144 recensionis
569 3077 650 3144 liber
672 3077 772 3164 pluris
796 3078 1011 3148 aestimandus
1036 3099 1098 3146 non
1121 3077 1203 3145 diffi-

140 3203 198 3270 cile
222 3208 272 3270 est
289 3203 390 3284 diotu3
413 3203 520 3288 palma
539 3202 708 3270 deferenda
724 3202 1030 3270 'Caroliruhensi
1053 3205 1097 3270 A:
1121 3223 1202 3270 unus
1252 3240 1257 3247 ·

137 3328 164 3396 is
188 3327 330 3394 seruauit
355 3328 442 3392 1020
464 3351 537 3394 moa
561 3329 698 3415 liquerat
729 3329 812 3394 1021
843 3329 988 3416 Tropaot
1016 3329 1102 3396 1035
1125 3333 1201 3396 ocdo-

37 3480 43 3500 ·
138 3477 208 3520 eam
232 3452 318 3518 1036
343 3473 445 3518 ensem
470 3451 555 3517 1053
581 3452 679 3520 Saloe
702 3458 733 3518 et
757 3472 836 3537 quae
860 3458 933 3519 sunt
957 3454 1028 3519 alia.
1067 3453 1118 3521 Ab
1142 3454 1201 3521 Ca·

92 3572 112 3641 0
137 3575 327 3643 roliruhensi
357 3573 678 3660 Stuttgardianus
707 3597 768 3643 non
797 3597 870 3644 raro
899 3577 1032 3646 desciuit
1060 3579 1139 3644 adeo
1167 3584 1203 3645 ut

137 3721 176 3767 ne
205 3698 420 3786 interpolandi
448 3699 573 3784 quidem
603 3701 734 3768 crimine
756 3701 905 3769 librarius
928 3701 970 3768 sit
993 3701 1200 3770 absolueudus

138 3845 163 3890 e.
181 3845 210 3908 g.
230 3825 294 3890 138
315 3824 370 3891 ubi
380 3829 508 3914 pariter
530 3824 583 3891 ille
607 3826 812 3908 excogitauit:
837 3831 959 3893 tantum
984 3833 1089 3894 autem
1113 3827 1203 3894 abest

137 3954 173 4015 ut
187 3948 213 4015 C
229 3950 377 4036 propriae
394 3949 585 4016 recensionis
601 3951 737 4038 speciem
755 3952 914 4037 praebeat,
931 3958 967 4019 ut
981 3952 1082 4039 possit
1097 3952 1201 4017 minus

139 4080 285 4141 accurate
308 4074 444 4141 intuenti
468 4094 505 4141 ex
530 4074 599 4162 ipro
623 4075 653 4141 A
679 4075 855 4162 descriptus
883 4076 999 4160 uideri3
1028 4077 1091 4143 iarn
1121 4093 1201 4162 quae
