3036 4914
614 471 688 518 XVII

120 629 237 716 proelio
261 629 356 712 facto
391 634 423 695 et
456 634 586 714 propter
617 649 796 696 mensuram
830 635 951 716 cepeoii
984 633 1016 696 et
1050 635 1178 716 propter

122 751 218 835 ipsum
253 772 446 836 sermonem,
474 727 561 838 'quod
594 773 700 818 nnum-
728 752 895 820 offendisse
929 753 1083 838 ycredo‚
1117 774 1180 820 non

120 874 241 941 ferenda
263 876 462 960 uiderentur,
493 882 603 944 auctor
624 906 645 960 y
668 879 746 944 setis
774 877 940 964 superfiuis
963 878 1069 944 uerbis
1092 879 1181 944 adhi·
1221 894 1225 904 ·

120 999 186 1064 bitis
213 1001 393 1087 rescripsit:
429 1001 505 1067 'Polo‘
533 1016 607 1069 tuoe
635 1025 708 1088 erpo
740 1006 770 1068 d.
783 1027 818 1090 p.
828 1005 934 1088 facto,
966 1003 1045 1069 alter
1076 1004 1181 1089 aptius

120 1125 265 1190 correxit:
291 1127 362 1192 Hoc
386 1129 446 1192 toli
457 1127 551 1212 facto
575 1130 604 1192 d.
623 1129 748 1214 proelio
771 1131 861 1193 dura.
893 1128 1015 1212 Vbique
1039 1127 1180 1193 animad-

119 1247 263 1342 nertimus
288 1250 481 1315 recensionis
504 1257 526 1336 β
549 1256 707 1317 auctorem
738 1257 770 1317 et
792 1252 1006 1334 grammaticis
1029 1253 1063 1316 in
1085 1251 1179 1318 rebus

119 1375 146 1435 et
165 1373 306 1438 metricis
331 1375 523 1460 superiorem
541 1396 609 1442 esse
625 1375 724 1441 multo
740 1345 1014 1460 magisqne'illum
1031 1376 1179 1442 accedere

119 1495 151 1559 ad
173 1502 317 1564 uetustos
341 1504 499 1583 auctores,
528 1500 637 1583 lugere
667 1500 879 1586 posteriorum
901 1504 1080 1586 temporum
1104 1500 1177 1566 bar-

119 1617 240 1686 bariem.
282 1623 389 1706 Atque
411 1625 628 1711 maximopere
651 1623 739 1689 doleo
769 1624 851 1708 quod
880 1644 941 1690 non
970 1623 1060 1690 licuit
1089 1645 1179 1690 accu-

118 1745 209 1810 ratius
232 1741 395 1831 inquirere
418 1749 501 1814 unde
525 1749 659 1815 oriunda
687 1751 729 1814 sit
751 1749 827 1814 haec
856 1750 997 1815 recensio
1026 1750 1177 1833 cuiusque

118 1868 238 1936 claustri
255 1871 365 1937 schola
388 1873 465 1939 adeo
481 1873 521 1938 ad
537 1872 592 1938 illa
608 1873 713 1939 studia
729 1873 872 1938 alumnos
889 1893 962 1939 suos
978 1874 1176 1940 conuerterit.

197 1994 327 2082 Proprii
355 1997 546 2063 recensionis
575 2024 595 2079 γ
625 2003 772 2082 quattuor
801 2003 875 2063 sunt
902 2017 1012 2064 uersus
1042 1999 1084 2062 99
1114 1997 1180 2062 204

118 2116 174 2181 257
199 2121 284 2204 661,
316 2141 447 2204 quorum
478 2123 709 2207 primumcum
739 2121 992 2206 antiquissimum
1018 2120 1180 2206 exemplar

118 2237 144 2304 H
164 2241 234 2317 huic
256 2245 435 2310 recensioni
457 2247 613 2332 uindicet,
642 2251 762 2314 ceteros
789 2266 912 2330 quoque
937 2245 1011 2330 quin
1034 2245 1180 2311 habuerit

117 2363 192 2432 idem
216 2369 335 2452 codex,
368 2391 407 2436 ex
439 2384 499 2455 quo
529 2372 577 2438 his
607 2372 684 2438 locis
714 2376 863 2457 excerpta
885 2391 948 2436 non
972 2371 1059 2436 dedit
1081 2369 1179 2436 Chro-

116 2493 293 2578 nographus
316 2493 562 2580 NonaliciensiS‚
585 2498 638 2563 vix
664 2497 808 2563 dubium:
840 2495 977 2562 dubitari
1000 2500 1123 2580 posset,
1152 2497 1178 2561 si

117 2618 275 2684 extribus
300 2620 367 2687 eius
390 2621 513 2702 generis
537 2619 612 2687 BbT
643 2642 732 2687 unus
748 2619 800 2686 uel
823 2619 903 2686 alter
926 2619 1095 2686 omisisset.
1134 2613 1197 2684 sie¹

116 2757 143 2802 u.
157 2741 222 2806 444
247 2744 302 2828 qui
325 2745 357 2810 in
380 2743 406 2809 B
430 2745 528 2828 deest
556 2764 618 2810 non
643 2750 750 2812 tamen
775 2745 813 2811 ab
838 2765 874 2811 ea
897 2745 1079 2811 recensione
1103 2743 1178 2810 alie-

116 2881 184 2930 num
206 2867 306 2934 fuisse
329 2857 486 2935 testantur
509 2870 605 2936 ceteri
628 2870 718 2951 libri3
745 2870 933 2935 1450—56
957 2869 1041 2954 quod
1057 2869 1082 2934 T
1099 2869 1178 2934 omi-

117 2988 163 3070 sit
187 2993 275 3058 casui
286 2993 331 3058 id
352 2993 564 3060 tribuendum.
593 2991 698 3078 Atque
716 2999 863 3078 quattuor
878 2993 925 3058 illi
941 3014 1051 3090 uersus
1069 3013 1178 3077 quam-

117 3131 205 3194 quam
235 3137 298 3182 non
321 3118 428 3204 inepte
455 3118 555 3184 additi
585 3124 672 3202 sunt,
703 3122 844 3184 attamen
873 3119 1002 3184 minime
1030 3118 1178 3184 uidentur

116 3241 296 3306 necessarii:
333 3243 410 3327 quin
443 3264 473 3308 u.
499 3244 542 3308 99
576 3243 732 3308 intrusum
766 3247 890 3310 constat
923 3247 1032 3308 contra
1066 3251 1178 3328 poetae

117 3365 293 3450 consilium,
323 3368 469 3452 quicum
496 3368 535 3431 81
562 3373 594 3433 et
617 3369 657 3433 97
683 3388 852 3454 puerornm
883 3367 1035 3436 uocabulo
1059 3373 1092 3434 et
1112 3366 1178 3433 Ha-

117 3503 267 3566 aaronem
290 3511 360 3558 oum
384 3490 558 3559 Walthario
583 3496 615 3558 et
638 3492 842 3576 Hiltgundam
872 3514 936 3559 una
959 3491 1176 3576 significasset,
1258 3519 1265 3530 ·
1304 3533 1308 3544 ·

116 3607 175 3677 iam
210 3636 306 3700 quarn
341 3615 592 3682 adulescentibus
622 3617 800 3684 exhibuerit
826 3617 929 3684 Attila
958 3617 1107 3702 pietatem
1137 3615 1177 3683 ab

117 3753 144 3800 u.
162 3739 240 3824 100,
271 3761 363 3825 quarn
393 3741 510 3824 uirgini
525 3733 527 3740 ’
542 3741 581 3808 ab
606 3744 670 3807 110
697 3742 855 3808 describit.
894 3741 1041 3827 lnprimis
1071 3746 1176 3808 autern

118 3879 192 3944 quae
215 3865 345 3952 propria
367 3865 440 3932 huic
462 3865 637 3932 recensioni
667 3871 716 3932 est
739 3865 943 3953 transpositio
967 3887 997 3933 u.
1015 3867 1080 3932 468
1104 3872 1178 3952 post

116 3984 176 4052 460
200 3990 443 4056 emendatricem
467 4010 595 4056 manum
620 3991 734 4077 prodit.

200 4113 248 4179 Ex
273 4116 318 4180 eis
342 4135 422 4199 quae
446 4115 531 4180 diota
559 4120 633 4180 sunt
660 4135 717 4200 per
745 4136 779 4181 se
799 4119 957 4214 apparet,
986 4121 1007 4202 β
1031 4120 1063 4180 et
1083 4141 1104 4195 y
1126 4133 1176 4179 re·

909 4235 928 4290 b
952 4231 954 4234 ,
