<?xml version="1.0" encoding="UTF-8"?>
<!DOCTYPE html PUBLIC "-//W3C//DTD XHTML 1.0 Transitional//EN"
    "http://www.w3.org/TR/xhtml1/DTD/xhtml1-transitional.dtd">
<html xmlns="http://www.w3.org/1999/xhtml" xml:lang="en" lang="en">
 <head>
  <title>
</title>
<meta http-equiv="Content-Type" content="text/html;charset=utf-8" />
  <meta name='ocr-system' content='tesseract 3.04.00' />
  <meta name='ocr-capabilities' content='ocr_page ocr_carea ocr_par ocr_line ocrx_word'/>
</head>
<body>
  <div class='ocr_page' id='page_1' title='image "./ekkehardiprimiw00ekkegoog_0074.png"; bbox 0 0 3036 4914; ppageno 0'>
   <div class='ocr_carea' id='block_1_1' title="bbox 669 465 765 514">
    <p class='ocr_par' dir='ltr' id='par_1_1' title="bbox 669 465 765 514">
     <span class='ocr_line' id='line_1_1' title="bbox 669 465 765 514; baseline 0 0"><span class='ocrx_word' id='word_1_1' title='bbox 669 465 765 514; x_wconf 78' lang='lat' dir='ltr'><strong>nxvn</strong></span> 
     </span>
    </p>
   </div>
   <div class='ocr_carea' id='block_1_2' title="bbox 170 623 1249 1336">
    <p class='ocr_par' dir='ltr' id='par_1_2' title="bbox 170 623 1249 1336">
     <span class='ocr_line' id='line_1_2' title="bbox 178 623 1249 712; baseline 0.002 -22"><span class='ocrx_word' id='word_1_2' title='bbox 178 623 230 690; x_wconf 88' lang='lat' dir='ltr'><strong>sui</strong></span> <span class='ocrx_word' id='word_1_3' title='bbox 252 624 331 690; x_wconf 88' lang='lat' dir='ltr'><strong>iuris</strong></span> <span class='ocrx_word' id='word_1_4' title='bbox 355 644 388 692; x_wconf 90' lang='lat' dir='ltr'><strong>se</strong></span> <span class='ocrx_word' id='word_1_5' title='bbox 412 628 537 710; x_wconf 90' lang='lat' dir='ltr'><strong>poterat</strong></span> <span class='ocrx_word' id='word_1_6' title='bbox 560 625 732 708; x_wconf 78' lang='lat' dir='ltr'><strong>accingere.</strong></span> <span class='ocrx_word' id='word_1_7' title='bbox 765 625 874 711; x_wconf 89' lang='lat' dir='ltr'><strong>Neque</strong></span> <span class='ocrx_word' id='word_1_8' title='bbox 897 624 1025 692; x_wconf 88' lang='lat' dir='ltr'><strong>dubium</strong></span> <span class='ocrx_word' id='word_1_9' title='bbox 1051 647 1120 692; x_wconf 89' lang='lat' dir='ltr'><strong>esse</strong></span> <span class='ocrx_word' id='word_1_10' title='bbox 1144 631 1249 712; x_wconf 87' lang='lat' dir='ltr'><strong>potest</strong></span> 
     </span>
     <span class='ocr_line' id='line_1_3' title="bbox 174 748 1247 834; baseline 0.001 -17"><span class='ocrx_word' id='word_1_11' title='bbox 174 749 208 818; x_wconf 85' lang='lat' dir='ltr'><strong>ei</strong></span> <span class='ocrx_word' id='word_1_12' title='bbox 233 749 288 834; x_wconf 92' lang='lat' dir='ltr'><strong>qui</strong></span> <span class='ocrx_word' id='word_1_13' title='bbox 310 749 349 815; x_wconf 90' lang='lat' dir='ltr'><strong>de</strong></span> <span class='ocrx_word' id='word_1_14' title='bbox 367 748 548 833; x_wconf 76' lang='lat' dir='ltr'><strong>Ungrorum</strong></span> <span class='ocrx_word' id='word_1_15' title='bbox 571 749 789 817; x_wconf 89' lang='lat' dir='ltr'><strong>inuasionibus</strong></span> <span class='ocrx_word' id='word_1_16' title='bbox 813 771 841 816; x_wconf 89' lang='lat' dir='ltr'><strong>a.</strong></span> <span class='ocrx_word' id='word_1_17' title='bbox 859 751 924 816; x_wconf 82' lang='grc'><strong>994</strong></span> <span class='ocrx_word' id='word_1_18' title='bbox 946 750 1039 818; x_wconf 86' lang='lat' dir='ltr'><strong>factis</strong></span> <span class='ocrx_word' id='word_1_19' title='bbox 1062 751 1247 818; x_wconf 85' lang='lat' dir='ltr'><strong>Ekkehardi</strong></span> 
     </span>
     <span class='ocr_line' id='line_1_4' title="bbox 173 871 1249 962; baseline 0.002 -22"><span class='ocrx_word' id='word_1_20' title='bbox 173 873 348 942; x_wconf 77' lang='lat' dir='ltr'><strong>relationes</strong></span> <span class='ocrx_word' id='word_1_21' title='bbox 360 871 439 956; x_wconf 77' lang='lat' dir='ltr'><strong>legit</strong></span> <span class='ocrx_word' id='word_1_22' title='bbox 453 873 537 954; x_wconf 81' lang='lat' dir='ltr'><strong>(Cas.</strong></span> <span class='ocrx_word' id='word_1_23' title='bbox 546 894 575 961; x_wconf 89' lang='lat' dir='ltr'><strong>p.</strong></span> <span class='ocrx_word' id='word_1_24' title='bbox 588 876 740 960; x_wconf 85' lang='lat' dir='ltr'><strong>104sqq.)</strong></span> <span class='ocrx_word' id='word_1_25' title='bbox 754 894 887 960; x_wconf 87' lang='lat' dir='ltr'><strong>quarum</strong></span> <span class='ocrx_word' id='word_1_26' title='bbox 900 873 953 942; x_wconf 91' lang='lat' dir='ltr'><strong>ille</strong></span> <span class='ocrx_word' id='word_1_27' title='bbox 969 895 1008 942; x_wconf 86' lang='lat' dir='ltr'><strong>ex</strong></span> <span class='ocrx_word' id='word_1_28' title='bbox 1023 876 1093 962; x_wconf 91' lang='lat' dir='ltr'><strong>ipso</strong></span> <span class='ocrx_word' id='word_1_29' title='bbox 1109 877 1249 944; x_wconf 77' lang='lat' dir='ltr'><strong>carmine</strong></span> 
     </span>
     <span class='ocr_line' id='line_1_5' title="bbox 174 997 1246 1086; baseline 0.005 -23"><span class='ocrx_word' id='word_1_30' title='bbox 174 997 301 1086; x_wconf 85' lang='lat' dir='ltr'><strong>passim</strong></span> <span class='ocrx_word' id='word_1_31' title='bbox 323 997 444 1064; x_wconf 88' lang='lat' dir='ltr'><strong>colores</strong></span> <span class='ocrx_word' id='word_1_32' title='bbox 467 999 593 1066; x_wconf 87' lang='lat' dir='ltr'><strong>uidetur</strong></span> <span class='ocrx_word' id='word_1_33' title='bbox 616 1000 805 1086; x_wconf 81' lang='lat' dir='ltr'>sumpsisse,</span> <span class='ocrx_word' id='word_1_34' title='bbox 837 999 913 1084; x_wconf 92' lang='lat' dir='ltr'><strong>quin</strong></span> <span class='ocrx_word' id='word_1_35' title='bbox 942 999 1055 1066; x_wconf 90' lang='lat' dir='ltr'><strong>barum</strong></span> <span class='ocrx_word' id='word_1_36' title='bbox 1078 1001 1246 1068; x_wconf 76' lang='lat' dir='ltr'>atrocitate</span> 
     </span>
     <span class='ocr_line' id='line_1_6' title="bbox 173 1122 1247 1210; baseline 0.003 -21"><span class='ocrx_word' id='word_1_37' title='bbox 173 1123 390 1190; x_wconf 86' lang='lat' dir='ltr'><strong>adulescentis</strong></span> <span class='ocrx_word' id='word_1_38' title='bbox 414 1124 537 1191; x_wconf 89' lang='lat' dir='ltr'><strong>animus</strong></span> <span class='ocrx_word' id='word_1_39' title='bbox 559 1124 656 1192; x_wconf 90' lang='lat' dir='ltr'><strong>fuerit</strong></span> <span class='ocrx_word' id='word_1_40' title='bbox 678 1143 827 1191; x_wconf 89' lang='lat' dir='ltr'><strong>accensus</strong></span> <span class='ocrx_word' id='word_1_41' title='bbox 850 1124 891 1190; x_wconf 86' lang='lat' dir='ltr'><strong>ad</strong></span> <span class='ocrx_word' id='word_1_42' title='bbox 914 1122 1134 1210; x_wconf 69' lang='lat' dir='ltr'><strong>walterdum,</strong></span> <span class='ocrx_word' id='word_1_43' title='bbox 1159 1126 1247 1192; x_wconf 90' lang='lat' dir='ltr'><strong>cuius</strong></span> 
     </span>
     <span class='ocr_line' id='line_1_7' title="bbox 170 1239 1245 1336; baseline 0.002 -20"><span class='ocrx_word' id='word_1_44' title='bbox 170 1239 400 1316; x_wconf 80' lang='lat' dir='ltr'><strong>&#39;memorabilia</strong></span> <span class='ocrx_word' id='word_1_45' title='bbox 419 1249 505 1316; x_wconf 81' lang='lat' dir='ltr'><strong>lacta</strong></span> <span class='ocrx_word' id='word_1_46' title='bbox 527 1250 610 1316; x_wconf 88' lang='lat' dir='ltr'><strong>uude</strong></span> <span class='ocrx_word' id='word_1_47' title='bbox 633 1271 703 1317; x_wconf 92' lang='lat' dir='ltr'><strong>eum</strong></span> <span class='ocrx_word' id='word_1_48' title='bbox 720 1248 901 1335; x_wconf 76' lang='lat' dir='ltr'><strong>conperisse</strong></span> <span class='ocrx_word' id='word_1_49' title='bbox 918 1249 984 1316; x_wconf 89' lang='lat' dir='ltr'><strong>ueri</strong></span> <span class='ocrx_word' id='word_1_50' title='bbox 1000 1249 1134 1318; x_wconf 87' lang='lat' dir='ltr'><strong>similius</strong></span> <span class='ocrx_word' id='word_1_51' title='bbox 1150 1271 1245 1336; x_wconf 88' lang='lat' dir='ltr'><strong>quam</strong></span> 
     </span>
    </p>
   </div>
   <div class='ocr_carea' id='block_1_3' title="bbox 171 1372 1246 1460">
    <p class='ocr_par' dir='ltr' id='par_1_3' title="bbox 171 1372 1246 1460">
     <span class='ocr_line' id='line_1_8' title="bbox 171 1372 1246 1460; baseline 0.002 -20"><span class='ocrx_word' id='word_1_52' title='bbox 171 1395 217 1440; x_wconf 85' lang='lat' dir='ltr'><strong>ex</strong></span> <span class='ocrx_word' id='word_1_53' title='bbox 242 1373 370 1440; x_wconf 88' lang='lat' dir='ltr'><strong>homine</strong></span> <span class='ocrx_word' id='word_1_54' title='bbox 393 1372 481 1442; x_wconf 91' lang='lat' dir='ltr'><strong>cuius</strong></span> <span class='ocrx_word' id='word_1_55' title='bbox 504 1374 536 1440; x_wconf 90' lang='lat' dir='ltr'><strong>in</strong></span> <span class='ocrx_word' id='word_1_56' title='bbox 561 1375 744 1442; x_wconf 82' lang='lat' dir='ltr'><strong>memoriam</strong></span> <span class='ocrx_word' id='word_1_57' title='bbox 768 1375 847 1460; x_wconf 90' lang='lat' dir='ltr'><strong>ipsis</strong></span> <span class='ocrx_word' id='word_1_58' title='bbox 863 1373 912 1440; x_wconf 88' lang='lat' dir='ltr'><strong>his</strong></span> <span class='ocrx_word' id='word_1_59' title='bbox 933 1374 1149 1442; x_wconf 87' lang='lat' dir='ltr'><strong>inuasionibne</strong></span> <span class='ocrx_word' id='word_1_60' title='bbox 1166 1396 1246 1460; x_wconf 88' lang='lat' dir='ltr'><strong>qnae</strong></span> 
     </span>
    </p>
   </div>
   <div class='ocr_carea' id='block_1_4' title="bbox 83 1497 1319 4212">
    <p class='ocr_par' dir='ltr' id='par_1_4' title="bbox 83 1497 1319 2585">
     <span class='ocr_line' id='line_1_9' title="bbox 172 1497 1243 1584; baseline 0 -18"><span class='ocrx_word' id='word_1_61' title='bbox 172 1499 255 1566; x_wconf 91' lang='lat' dir='ltr'><strong>olim</strong></span> <span class='ocrx_word' id='word_1_62' title='bbox 278 1518 375 1584; x_wconf 91' lang='lat' dir='ltr'><strong>puero</strong></span> <span class='ocrx_word' id='word_1_63' title='bbox 398 1497 483 1566; x_wconf 82' lang='lat' dir='ltr'><strong>fama</strong></span> <span class='ocrx_word' id='word_1_64' title='bbox 506 1499 656 1566; x_wconf 85' lang='lat' dir='ltr'><strong>attulerat</strong></span> <span class='ocrx_word' id='word_1_65' title='bbox 678 1504 826 1566; x_wconf 88' lang='lat' dir='ltr'><strong>reuocata</strong></span> <span class='ocrx_word' id='word_1_66' title='bbox 849 1503 940 1566; x_wconf 85' lang='lat' dir='ltr'><strong>erant</strong></span> <span class='ocrx_word' id='word_1_67' title='bbox 963 1499 1049 1580; x_wconf 88' lang='lat' dir='ltr'><strong>(nam</strong></span> <span class='ocrx_word' id='word_1_68' title='bbox 1073 1500 1157 1584; x_wconf 91' lang='lat' dir='ltr'><strong>quod</strong></span> <span class='ocrx_word' id='word_1_69' title='bbox 1179 1521 1243 1566; x_wconf 90' lang='lat' dir='ltr'><strong>non</strong></span> 
     </span>
     <span class='ocr_line' id='line_1_10' title="bbox 169 1622 1245 1710; baseline 0 -18"><span class='ocrx_word' id='word_1_70' title='bbox 169 1625 297 1692; x_wconf 80' lang='lat' dir='ltr'><strong>famam</strong></span> <span class='ocrx_word' id='word_1_71' title='bbox 333 1622 434 1690; x_wconf 89' lang='lat' dir='ltr'><strong>solnm</strong></span> <span class='ocrx_word' id='word_1_72' title='bbox 468 1623 522 1690; x_wconf 88' lang='lat' dir='ltr'><strong>sed</strong></span> <span class='ocrx_word' id='word_1_73' title='bbox 557 1625 662 1710; x_wconf 93' lang='lat' dir='ltr'><strong>ipsum</strong></span> <span class='ocrx_word' id='word_1_74' title='bbox 701 1643 828 1690; x_wconf 88' lang='lat' dir='ltr'><strong>carmen</strong></span> <span class='ocrx_word' id='word_1_75' title='bbox 867 1623 993 1709; x_wconf 86' lang='lat' dir='ltr'><strong>aliquod</strong></span> <span class='ocrx_word' id='word_1_76' title='bbox 1030 1626 1245 1708; x_wconf 78' lang='lat' dir='ltr'><strong>germanicum</strong></span> 
     </span>
     <span class='ocr_line' id='line_1_11' title="bbox 170 1748 1247 1846; baseline 0 -28"><span class='ocrx_word' id='word_1_77' title='bbox 170 1755 322 1818; x_wconf 86' lang='lat' dir='ltr'><strong>secutum</strong></span> <span class='ocrx_word' id='word_1_78' title='bbox 351 1769 420 1816; x_wconf 89' lang='lat' dir='ltr'><strong>esse</strong></span> <span class='ocrx_word' id='word_1_79' title='bbox 450 1754 574 1836; x_wconf 85' lang='lat' dir='ltr'><strong>poetam</strong></span> <span class='ocrx_word' id='word_1_80' title='bbox 605 1748 793 1846; x_wconf 64' lang='lat' dir='ltr'><strong>Idrimmius</strong></span> <span class='ocrx_word' id='word_1_81' title='bbox 820 1749 954 1815; x_wconf 92' lang='lat' dir='ltr'><strong>coniecit</strong></span> <span class='ocrx_word' id='word_1_82' title='bbox 981 1770 1011 1835; x_wconf 92' lang='lat' dir='ltr'><strong>p.</strong></span> <span class='ocrx_word' id='word_1_83' title='bbox 1028 1748 1192 1818; x_wconf 85' lang='lat' dir='ltr'>XXXVIII</span> <span class='ocrx_word' id='word_1_84' title='bbox 1216 1757 1247 1818; x_wconf 89' lang='lat' dir='ltr'><strong>et</strong></span> 
     </span>
     <span class='ocr_line' id='line_1_12' title="bbox 171 1867 1319 1962; baseline 0 -22"><span class='ocrx_word' id='word_1_85' title='bbox 171 1896 210 1962; x_wconf 90' lang='lat' dir='ltr'><strong>p.</strong></span> <span class='ocrx_word' id='word_1_86' title='bbox 229 1875 272 1940; x_wconf 88' lang='grc'><strong>99</strong></span> <span class='ocrx_word' id='word_1_87' title='bbox 288 1894 368 1960; x_wconf 85' lang='lat' dir='ltr'><strong>sqq,</strong></span> <span class='ocrx_word' id='word_1_88' title='bbox 393 1873 565 1961; x_wconf 78' lang='lat' dir='ltr'><strong>speciosius</strong></span> <span class='ocrx_word' id='word_1_89' title='bbox 589 1895 646 1958; x_wconf 80' lang='lat' dir='ltr'><strong>ego</strong></span> <span class='ocrx_word' id='word_1_90' title='bbox 663 1893 757 1959; x_wconf 89' lang='lat' dir='ltr'><strong>quam</strong></span> <span class='ocrx_word' id='word_1_91' title='bbox 774 1874 881 1940; x_wconf 86' lang='lat' dir='ltr'><strong>uerius</strong></span> <span class='ocrx_word' id='word_1_92' title='bbox 898 1874 1108 1958; x_wconf 82' lang='lat' dir='ltr'><strong>excogitatum</strong></span> <span class='ocrx_word' id='word_1_93' title='bbox 1129 1876 1243 1956; x_wconf 85' lang='lat' dir='ltr'><strong>oredo).</strong></span> <span class='ocrx_word' id='word_1_94' title='bbox 1317 1867 1319 1872; x_wconf 71' lang='grc'><strong>’</strong></span> 
     </span>
     <span class='ocr_line' id='line_1_13' title="bbox 171 1975 1244 2078; baseline 0.001 -12"><span class='ocrx_word' id='word_1_95' title='bbox 171 1999 262 2066; x_wconf 91' lang='lat' dir='ltr'><strong>Huic</strong></span> <span class='ocrx_word' id='word_1_96' title='bbox 283 2000 488 2078; x_wconf 74' lang='lat' dir='ltr'><strong>[coniecturae</strong></span> <span class='ocrx_word' id='word_1_97' title='bbox 522 2019 611 2065; x_wconf 88' lang='lat' dir='ltr'><strong>meae</strong></span> <span class='ocrx_word' id='word_1_98' title='bbox 637 1997 718 2064; x_wconf 90' lang='lat' dir='ltr'><strong>nihil</strong></span> <span class='ocrx_word' id='word_1_99' title='bbox 746 2003 794 2064; x_wconf 87' lang='lat' dir='ltr'><strong>est</strong></span> <span class='ocrx_word' id='word_1_100' title='bbox 822 1975 855 2065; x_wconf 84' lang='lat' dir='ltr'><strong>in</strong></span> <span class='ocrx_word' id='word_1_101' title='bbox 883 1998 975 2066; x_wconf 85' lang='lat' dir='ltr'><strong>fastis</strong></span> <span class='ocrx_word' id='word_1_102' title='bbox 1005 2004 1039 2064; x_wconf 88' lang='lat' dir='ltr'><strong>ut</strong></span> <span class='ocrx_word' id='word_1_103' title='bbox 1067 2000 1114 2066; x_wconf 88' lang='lat' dir='ltr'><strong>ita</strong></span> <span class='ocrx_word' id='word_1_104' title='bbox 1142 2000 1244 2066; x_wconf 89' lang='lat' dir='ltr'><strong>dicam</strong></span> 
     </span>
     <span class='ocr_line' id='line_1_14' title="bbox 171 2122 1247 2210; baseline -0.001 -18"><span class='ocrx_word' id='word_1_105' title='bbox 171 2123 413 2192; x_wconf 81' lang='lat' dir='ltr'><strong>EkkehardInis</strong></span> <span class='ocrx_word' id='word_1_106' title='bbox 443 2124 525 2210; x_wconf 89' lang='lat' dir='ltr'><strong>quod</strong></span> <span class='ocrx_word' id='word_1_107' title='bbox 559 2123 756 2208; x_wconf 90' lang='lat' dir='ltr'><strong>obloquatur.</strong></span> <span class='ocrx_word' id='word_1_108' title='bbox 796 2123 876 2189; x_wconf 88' lang='lat' dir='ltr'><strong>Nam</strong></span> <span class='ocrx_word' id='word_1_109' title='bbox 907 2122 943 2189; x_wconf 89' lang='lat' dir='ltr'><strong>E.</strong></span> <span class='ocrx_word' id='word_1_110' title='bbox 968 2123 1150 2207; x_wconf 85' lang='lat' dir='ltr'><strong>designatus</strong></span> <span class='ocrx_word' id='word_1_111' title='bbox 1178 2131 1247 2192; x_wconf 88' lang='lat' dir='ltr'><strong>erat</strong></span> 
     </span>
     <span class='ocr_line' id='line_1_15' title="bbox 173 2224 1246 2335; baseline 0.001 -19"><span class='ocrx_word' id='word_1_112' title='bbox 173 2247 277 2316; x_wconf 86' lang='lat' dir='ltr'><strong>abbas</strong></span> <span class='ocrx_word' id='word_1_113' title='bbox 302 2224 373 2335; x_wconf 86' lang='lat' dir='ltr'><strong>post</strong></span> <span class='ocrx_word' id='word_1_114' title='bbox 390 2248 575 2316; x_wconf 82' lang='lat' dir='ltr'><strong>Cralobum:</strong></span> <span class='ocrx_word' id='word_1_115' title='bbox 601 2254 634 2314; x_wconf 90' lang='lat' dir='ltr'><strong>at</strong></span> <span class='ocrx_word' id='word_1_116' title='bbox 656 2267 728 2315; x_wconf 88' lang='lat' dir='ltr'><strong>crus</strong></span> <span class='ocrx_word' id='word_1_117' title='bbox 752 2268 822 2314; x_wconf 89' lang='lat' dir='ltr'><strong>cum</strong></span> <span class='ocrx_word' id='word_1_118' title='bbox 846 2249 1001 2334; x_wconf 81' lang='lat' dir='ltr'><strong>fregisset,</strong></span> <span class='ocrx_word' id='word_1_119' title='bbox 1025 2249 1095 2335; x_wconf 91' lang='lat' dir='ltr'><strong>ipso</strong></span> <span class='ocrx_word' id='word_1_120' title='bbox 1119 2254 1246 2318; x_wconf 90' lang='lat' dir='ltr'><strong>auctore</strong></span> 
     </span>
     <span class='ocr_line' id='line_1_16' title="bbox 171 2372 1243 2458; baseline 0.002 -18"><span class='ocrx_word' id='word_1_121' title='bbox 171 2373 380 2440; x_wconf 87' lang='lat' dir='ltr'><strong>Burchardus</strong></span> <span class='ocrx_word' id='word_1_122' title='bbox 404 2373 531 2458; x_wconf 78' lang='lat' dir='ltr'><strong>eligitur</strong></span> <span class='ocrx_word' id='word_1_123' title='bbox 555 2394 581 2439; x_wconf 90' lang='lat' dir='ltr'><strong>a.</strong></span> <span class='ocrx_word' id='word_1_124' title='bbox 600 2373 681 2454; x_wconf 77' lang='lat'><strong>9583</strong></span> <span class='ocrx_word' id='word_1_125' title='bbox 706 2373 784 2439; x_wconf 86' lang='lat' dir='ltr'><strong>obiit</strong></span> <span class='ocrx_word' id='word_1_126' title='bbox 799 2372 836 2439; x_wconf 84' lang='lat' dir='ltr'><strong>E.</strong></span> <span class='ocrx_word' id='word_1_127' title='bbox 855 2393 882 2440; x_wconf 88' lang='lat' dir='ltr'><strong>a.</strong></span> <span class='ocrx_word' id='word_1_128' title='bbox 900 2374 964 2440; x_wconf 81' lang='grc'><strong>973</strong></span> <span class='ocrx_word' id='word_1_129' title='bbox 983 2373 1012 2440; x_wconf 89' lang='lat' dir='ltr'><strong>d.</strong></span> <span class='ocrx_word' id='word_1_130' title='bbox 1034 2375 1074 2440; x_wconf 83' lang='lat'><strong>14</strong></span> <span class='ocrx_word' id='word_1_131' title='bbox 1090 2373 1243 2442; x_wconf 87' lang='lat' dir='ltr'><strong>Ianuarii:</strong></span> 
     </span>
     <span class='ocr_line' id='line_1_17' title="bbox 83 2498 1243 2585; baseline -0.003 -15"><span class='ocrx_word' id='word_1_132' title='bbox 83 2557 88 2570; x_wconf 87' lang='lat'><strong>.</strong></span> <span class='ocrx_word' id='word_1_133' title='bbox 173 2499 338 2565; x_wconf 85' lang='lat' dir='ltr'><strong>homiuem</strong></span> <span class='ocrx_word' id='word_1_134' title='bbox 362 2504 429 2564; x_wconf 90' lang='lat' dir='ltr'><strong>tum</strong></span> <span class='ocrx_word' id='word_1_135' title='bbox 455 2498 550 2565; x_wconf 88' lang='lat' dir='ltr'><strong>luisse</strong></span> <span class='ocrx_word' id='word_1_136' title='bbox 574 2498 775 2585; x_wconf 80' lang='lat' dir='ltr'><strong>septuagInta</strong></span> <span class='ocrx_word' id='word_1_137' title='bbox 799 2517 951 2564; x_wconf 89' lang='lat' dir='ltr'><strong>annorum</strong></span> <span class='ocrx_word' id='word_1_138' title='bbox 979 2499 1141 2582; x_wconf 85' lang='lat' dir='ltr'><strong>existim03</strong></span> <span class='ocrx_word' id='word_1_139' title='bbox 1171 2521 1243 2566; x_wconf 92' lang='lat' dir='ltr'><strong>nam</strong></span> 
     </span>
    </p>

    <p class='ocr_par' dir='ltr' id='par_1_5' title="bbox 126 2593 1286 4212">
     <span class='ocr_line' id='line_1_18' title="bbox 126 2593 1244 2710; baseline 0 -19"><span class='ocrx_word' id='word_1_140' title='bbox 126 2600 131 2608; x_wconf 30' lang='lat'>¹</span> <span class='ocrx_word' id='word_1_141' title='bbox 173 2623 220 2691; x_wconf 82' lang='lat' dir='ltr'><strong>ad</strong></span> <span class='ocrx_word' id='word_1_142' title='bbox 250 2643 277 2689; x_wconf 87' lang='lat' dir='ltr'><strong>a.</strong></span> <span class='ocrx_word' id='word_1_143' title='bbox 295 2623 360 2688; x_wconf 80' lang='lat'><strong>965</strong></span> <span class='ocrx_word' id='word_1_144' title='bbox 390 2623 506 2689; x_wconf 85' lang='lat' dir='ltr'><strong>dicitur</strong></span> <span class='ocrx_word' id='word_1_145' title='bbox 534 2627 672 2690; x_wconf 50' lang='lat' dir='ltr'><strong>&amp;cenos</strong></span> <span class='ocrx_word' id='word_1_146' title='bbox 702 2623 776 2688; x_wconf 79' lang='lat' dir='ltr'><strong>bene</strong></span> <span class='ocrx_word' id='word_1_147' title='bbox 803 2625 932 2689; x_wconf 78' lang='lat' dir='ltr'><strong>ualidae</strong></span> <span class='ocrx_word' id='word_1_148' title='bbox 946 2593 986 2710; x_wconf 82' lang='lat' dir='ltr'><strong>p.</strong></span> <span class='ocrx_word' id='word_1_149' title='bbox 1007 2625 1080 2708; x_wconf 81' lang='lat'>123,</span> <span class='ocrx_word' id='word_1_150' title='bbox 1094 2625 1151 2690; x_wconf 79' lang='lat'><strong>37:</strong></span> <span class='ocrx_word' id='word_1_151' title='bbox 1182 2646 1244 2691; x_wconf 88' lang='lat' dir='ltr'><strong>non</strong></span> 
     </span>
     <span class='ocr_line' id='line_1_19' title="bbox 171 2747 1244 2834; baseline -0.001 -17"><span class='ocrx_word' id='word_1_152' title='bbox 171 2747 316 2817; x_wconf 86' lang='lat' dir='ltr'><strong>solemus</strong></span> <span class='ocrx_word' id='word_1_153' title='bbox 344 2749 392 2814; x_wconf 87' lang='lat' dir='ltr'><strong>ita</strong></span> <span class='ocrx_word' id='word_1_154' title='bbox 419 2748 505 2833; x_wconf 90' lang='lat' dir='ltr'><strong>loqui</strong></span> <span class='ocrx_word' id='word_1_155' title='bbox 532 2748 572 2815; x_wconf 90' lang='lat' dir='ltr'><strong>de</strong></span> <span class='ocrx_word' id='word_1_156' title='bbox 607 2747 856 2832; x_wconf 83' lang='lat' dir='ltr'><strong>quadragenario</strong></span> <span class='ocrx_word' id='word_1_157' title='bbox 886 2748 936 2815; x_wconf 92' lang='lat' dir='ltr'><strong>uel</strong></span> <span class='ocrx_word' id='word_1_158' title='bbox 966 2748 1244 2834; x_wconf 78' lang='lat' dir='ltr'><strong>quinquagenario,</strong></span> 
     </span>
     <span class='ocr_line' id='line_1_20' title="bbox 174 2871 1244 2959; baseline 0.001 -18"><span class='ocrx_word' id='word_1_159' title='bbox 174 2875 268 2942; x_wconf 87' lang='lat' dir='ltr'><strong>onius</strong></span> <span class='ocrx_word' id='word_1_160' title='bbox 292 2877 378 2940; x_wconf 88' lang='lat' dir='ltr'><strong>aetas</strong></span> <span class='ocrx_word' id='word_1_161' title='bbox 400 2894 459 2959; x_wconf 88' lang='lat' dir='ltr'><strong>per</strong></span> <span class='ocrx_word' id='word_1_162' title='bbox 481 2893 515 2939; x_wconf 94' lang='lat' dir='ltr'><strong>se</strong></span> <span class='ocrx_word' id='word_1_163' title='bbox 538 2871 619 2939; x_wconf 90' lang='lat' dir='ltr'><strong>solet</strong></span> <span class='ocrx_word' id='word_1_164' title='bbox 641 2892 710 2939; x_wconf 88' lang='lat' dir='ltr'><strong>esse</strong></span> <span class='ocrx_word' id='word_1_165' title='bbox 734 2872 857 2957; x_wconf 87' lang='lat' dir='ltr'><strong>ualida,</strong></span> <span class='ocrx_word' id='word_1_166' title='bbox 886 2874 940 2940; x_wconf 90' lang='lat' dir='ltr'><strong>sed</strong></span> <span class='ocrx_word' id='word_1_167' title='bbox 965 2873 1003 2940; x_wconf 89' lang='lat' dir='ltr'><strong>de</strong></span> <span class='ocrx_word' id='word_1_168' title='bbox 1026 2895 1100 2942; x_wconf 90' lang='lat' dir='ltr'><strong>sene</strong></span> <span class='ocrx_word' id='word_1_169' title='bbox 1124 2876 1244 2942; x_wconf 89' lang='lat' dir='ltr'><strong>uiribus</strong></span> 
     </span>
     <span class='ocr_line' id='line_1_21' title="bbox 174 2983 1244 3086; baseline 0.001 -20"><span class='ocrx_word' id='word_1_170' title='bbox 174 3004 349 3086; x_wconf 87' lang='lat' dir='ltr'><strong>superante</strong></span> <span class='ocrx_word' id='word_1_171' title='bbox 371 2998 532 3083; x_wconf 86' lang='lat' dir='ltr'><strong>aequales:</strong></span> <span class='ocrx_word' id='word_1_172' title='bbox 560 3001 597 3063; x_wconf 93' lang='lat' dir='ltr'><strong>ut</strong></span> <span class='ocrx_word' id='word_1_173' title='bbox 619 2983 658 3063; x_wconf 82' lang='lat' dir='ltr'><strong>de</strong></span> <span class='ocrx_word' id='word_1_174' title='bbox 685 2996 842 3064; x_wconf 84' lang='lat' dir='ltr'><strong>Charonte</strong></span> <span class='ocrx_word' id='word_1_175' title='bbox 866 2999 910 3064; x_wconf 88' lang='lat' dir='ltr'><strong>ait</strong></span> <span class='ocrx_word' id='word_1_176' title='bbox 932 2997 1089 3081; x_wconf 84' lang='lat' dir='ltr'><strong>Vergilius</strong></span> <span class='ocrx_word' id='word_1_177' title='bbox 1113 2999 1155 3066; x_wconf 85' lang='lat' dir='ltr'><strong>VI</strong></span> <span class='ocrx_word' id='word_1_178' title='bbox 1179 3003 1244 3067; x_wconf 83' lang='lat'><strong>304</strong></span> 
     </span>
     <span class='ocr_line' id='line_1_22' title="bbox 176 3124 1243 3209; baseline 0 -18"><span class='ocrx_word' id='word_1_179' title='bbox 176 3125 252 3191; x_wconf 80' lang='lat' dir='ltr'><strong>Iam</strong></span> <span class='ocrx_word' id='word_1_180' title='bbox 274 3127 378 3190; x_wconf 76' lang='lat' dir='ltr'><strong>certior</strong></span> <span class='ocrx_word' id='word_1_181' title='bbox 406 3125 461 3189; x_wconf 85' lang='lat' dir='ltr'><strong>sed</strong></span> <span class='ocrx_word' id='word_1_182' title='bbox 488 3125 588 3190; x_wconf 77' lang='lat' dir='ltr'><strong>cruda</strong></span> <span class='ocrx_word' id='word_1_183' title='bbox 617 3124 673 3188; x_wconf 86' lang='lat' dir='ltr'><strong>deo</strong></span> <span class='ocrx_word' id='word_1_184' title='bbox 701 3124 879 3209; x_wconf 57' lang='lat' dir='ltr'><strong>uiridisque</strong></span> <span class='ocrx_word' id='word_1_185' title='bbox 905 3127 1060 3190; x_wconf 76' lang='lat' dir='ltr'><strong>iuuentae.</strong></span> <span class='ocrx_word' id='word_1_186' title='bbox 1087 3124 1243 3191; x_wconf 89' lang='lat' dir='ltr'><strong>—Illam</strong></span> 
     </span>
     <span class='ocr_line' id='line_1_23' title="bbox 174 3246 1244 3335; baseline 0.001 -20"><span class='ocrx_word' id='word_1_187' title='bbox 174 3249 276 3334; x_wconf 79' lang='lat' dir='ltr'><strong>igitur</strong></span> <span class='ocrx_word' id='word_1_188' title='bbox 304 3248 488 3332; x_wconf 80' lang='lat' dir='ltr'><strong>dignitatem</strong></span> <span class='ocrx_word' id='word_1_189' title='bbox 520 3251 681 3316; x_wconf 86' lang='lat' dir='ltr'><strong>assecutus</strong></span> <span class='ocrx_word' id='word_1_190' title='bbox 710 3246 835 3313; x_wconf 86' lang='lat' dir='ltr'><strong>uidetur</strong></span> <span class='ocrx_word' id='word_1_191' title='bbox 859 3283 900 3294; x_wconf 81' lang='lat'><em>—</em></span> <span class='ocrx_word' id='word_1_192' title='bbox 924 3267 998 3313; x_wconf 90' lang='lat' dir='ltr'><strong>uam</strong></span> <span class='ocrx_word' id='word_1_193' title='bbox 1028 3268 1141 3335; x_wconf 90' lang='lat' dir='ltr'><strong>parum</strong></span> <span class='ocrx_word' id='word_1_194' title='bbox 1171 3249 1244 3317; x_wconf 87' lang='lat' dir='ltr'><strong>fidei</strong></span> 
     </span>
     <span class='ocr_line' id='line_1_24' title="bbox 175 3371 1286 3441; baseline -0.001 -2"><span class='ocrx_word' id='word_1_195' title='bbox 175 3372 327 3440; x_wconf 89' lang='lat' dir='ltr'><strong>hocloco</strong></span> <span class='ocrx_word' id='word_1_196' title='bbox 352 3377 400 3439; x_wconf 86' lang='lat' dir='ltr'><strong>est</strong></span> <span class='ocrx_word' id='word_1_197' title='bbox 423 3391 576 3439; x_wconf 90' lang='lat' dir='ltr'><strong>annornm</strong></span> <span class='ocrx_word' id='word_1_198' title='bbox 601 3373 740 3439; x_wconf 88' lang='lat' dir='ltr'><strong>numeris</strong></span> <span class='ocrx_word' id='word_1_199' title='bbox 763 3373 796 3438; x_wconf 91' lang='lat' dir='ltr'><strong>in</strong></span> <span class='ocrx_word' id='word_1_200' title='bbox 819 3371 1009 3439; x_wconf 82' lang='lat' dir='ltr'><strong>Casibus-</strong></span> <span class='ocrx_word' id='word_1_201' title='bbox 1027 3374 1085 3441; x_wconf 89' lang='lat' dir='ltr'><strong>sub</strong></span> <span class='ocrx_word' id='word_1_202' title='bbox 1109 3373 1243 3441; x_wconf 88' lang='lat' dir='ltr'><strong>Cralobo</strong></span> <span class='ocrx_word' id='word_1_203' title='bbox 1282 3427 1286 3438; x_wconf 92' lang='lat'><strong>.</strong></span> 
     </span>
     <span class='ocr_line' id='line_1_25' title="bbox 178 3496 1242 3582; baseline 0.002 -18"><span class='ocrx_word' id='word_1_204' title='bbox 178 3497 292 3566; x_wconf 86' lang='lat' dir='ltr'><strong>abbate</strong></span> <span class='ocrx_word' id='word_1_205' title='bbox 308 3502 340 3564; x_wconf 85' lang='lat' dir='ltr'><strong>c.</strong></span> <span class='ocrx_word' id='word_1_206' title='bbox 359 3519 386 3566; x_wconf 89' lang='lat' dir='ltr'><strong>a.</strong></span> <span class='ocrx_word' id='word_1_207' title='bbox 404 3497 484 3564; x_wconf 79' lang='lat'>950:</span> <span class='ocrx_word' id='word_1_208' title='bbox 514 3496 618 3565; x_wconf 88' lang='lat' dir='ltr'><strong>Bardo</strong></span> <span class='ocrx_word' id='word_1_209' title='bbox 648 3497 774 3582; x_wconf 91' lang='lat' dir='ltr'><strong>quidem</strong></span> <span class='ocrx_word' id='word_1_210' title='bbox 799 3496 965 3564; x_wconf 86' lang='lat' dir='ltr'><strong>Fuldensis</strong></span> <span class='ocrx_word' id='word_1_211' title='bbox 992 3497 1175 3566; x_wconf 88' lang='lat' dir='ltr'><strong>adulescens</strong></span> <span class='ocrx_word' id='word_1_212' title='bbox 1200 3501 1242 3566; x_wconf 85' lang='grc'><strong>36</strong></span> 
     </span>
     <span class='ocr_line' id='line_1_26' title="bbox 177 3621 1243 3709; baseline 0.002 -19"><span class='ocrx_word' id='word_1_213' title='bbox 177 3621 332 3690; x_wconf 87' lang='lat' dir='ltr'><strong>annorum</strong></span> <span class='ocrx_word' id='word_1_214' title='bbox 355 3622 414 3690; x_wconf 92' lang='lat' dir='ltr'><strong>boc</strong></span> <span class='ocrx_word' id='word_1_215' title='bbox 437 3642 567 3689; x_wconf 89' lang='lat' dir='ltr'><strong>munere</strong></span> <span class='ocrx_word' id='word_1_216' title='bbox 589 3627 719 3688; x_wconf 87' lang='lat' dir='ltr'><strong>ornatus</strong></span> <span class='ocrx_word' id='word_1_217' title='bbox 742 3628 811 3689; x_wconf 89' lang='lat' dir='ltr'><strong>erat</strong></span> <span class='ocrx_word' id='word_1_218' title='bbox 833 3627 959 3709; x_wconf 90' lang='lat' dir='ltr'><strong>praeter</strong></span> <span class='ocrx_word' id='word_1_219' title='bbox 983 3643 1112 3690; x_wconf 88' lang='lat' dir='ltr'><strong>morem.</strong></span> <span class='ocrx_word' id='word_1_220' title='bbox 1136 3623 1243 3692; x_wconf 84' lang='lat' dir='ltr'><strong>Ekke-</strong></span> 
     </span>
     <span class='ocr_line' id='line_1_27' title="bbox 175 3746 1243 3834; baseline 0 -18"><span class='ocrx_word' id='word_1_221' title='bbox 175 3749 267 3816; x_wconf 90' lang='lat' dir='ltr'><strong>bardi</strong></span> <span class='ocrx_word' id='word_1_222' title='bbox 292 3747 432 3834; x_wconf 86' lang='lat' dir='ltr'><strong>aequalis</strong></span> <span class='ocrx_word' id='word_1_223' title='bbox 455 3754 489 3814; x_wconf 93' lang='lat' dir='ltr'><strong>at</strong></span> <span class='ocrx_word' id='word_1_224' title='bbox 511 3746 614 3813; x_wconf 92' lang='lat' dir='ltr'><strong>minor</strong></span> <span class='ocrx_word' id='word_1_225' title='bbox 637 3752 723 3830; x_wconf 81' lang='lat' dir='ltr'><strong>natu,</strong></span> <span class='ocrx_word' id='word_1_226' title='bbox 748 3752 900 3832; x_wconf 88' lang='lat' dir='ltr'><strong>quantum</strong></span> <span class='ocrx_word' id='word_1_227' title='bbox 924 3767 963 3814; x_wconf 85' lang='lat' dir='ltr'><strong>ex</strong></span> <span class='ocrx_word' id='word_1_228' title='bbox 985 3748 1172 3834; x_wconf 88' lang='lat' dir='ltr'><strong>ordineque</strong></span> <span class='ocrx_word' id='word_1_229' title='bbox 1195 3754 1243 3817; x_wconf 90' lang='lat' dir='ltr'><strong>ter</strong></span> 
     </span>
     <span class='ocr_line' id='line_1_28' title="bbox 177 3870 1243 3959; baseline -0.001 -18"><span class='ocrx_word' id='word_1_230' title='bbox 177 3878 380 3941; x_wconf 88' lang='lat' dir='ltr'><strong>recensentur</strong></span> <span class='ocrx_word' id='word_1_231' title='bbox 391 3892 420 3959; x_wconf 90' lang='lat' dir='ltr'><strong>p.</strong></span> <span class='ocrx_word' id='word_1_232' title='bbox 432 3873 496 3937; x_wconf 87' lang='lat'><strong>114</strong></span> <span class='ocrx_word' id='word_1_233' title='bbox 513 3872 576 3937; x_wconf 80' lang='lat'><strong>122</strong></span> <span class='ocrx_word' id='word_1_234' title='bbox 595 3873 658 3938; x_wconf 80' lang='lat'><strong>123</strong></span> <span class='ocrx_word' id='word_1_235' title='bbox 671 3870 975 3959; x_wconf 68' lang='lat' dir='ltr'><strong>apparetGeraldus</strong></span> <span class='ocrx_word' id='word_1_236' title='bbox 987 3873 1243 3958; x_wconf 85' lang='lat' dir='ltr'><strong>quidamiuitqui</strong></span> 
     </span>
     <span class='ocr_line' id='line_1_29' title="bbox 178 3996 1242 4088; baseline -0.002 -24"><span class='ocrx_word' id='word_1_237' title='bbox 178 4001 270 4088; x_wconf 74' lang='lat' dir='ltr'><strong>loopo</strong></span> <span class='ocrx_word' id='word_1_238' title='bbox 294 4001 380 4065; x_wconf 78' lang='lat' dir='ltr'><strong>aenio</strong></span> <span class='ocrx_word' id='word_1_239' title='bbox 394 3999 504 4084; x_wconf 77' lang='lat' dir='ltr'><strong>fessae</strong></span> <span class='ocrx_word' id='word_1_240' title='bbox 527 3996 631 4065; x_wconf 88' lang='lat' dir='ltr'><strong>obisse</strong></span> <span class='ocrx_word' id='word_1_241' title='bbox 654 4002 803 4064; x_wconf 83' lang='lat' dir='ltr'><strong>narratur</strong></span> <span class='ocrx_word' id='word_1_242' title='bbox 823 4017 855 4083; x_wconf 90' lang='lat' dir='ltr'><strong>p.</strong></span> <span class='ocrx_word' id='word_1_243' title='bbox 875 3998 947 4062; x_wconf 80' lang='lat'><strong>137.</strong></span> <span class='ocrx_word' id='word_1_244' title='bbox 972 3997 1012 4063; x_wconf 85' lang='lat' dir='ltr'><strong>ab</strong></span> <span class='ocrx_word' id='word_1_245' title='bbox 1028 4000 1242 4064; x_wconf 77' lang='lat' dir='ltr'><strong>adulescentia</strong></span> 
     </span>
     <span class='ocr_line' id='line_1_30' title="bbox 177 4125 1240 4212; baseline -0.003 -22"><span class='ocrx_word' id='word_1_246' title='bbox 177 4147 276 4212; x_wconf 82' lang='lat' dir='ltr'><strong>usque</strong></span> <span class='ocrx_word' id='word_1_247' title='bbox 298 4127 343 4190; x_wconf 82' lang='lat' dir='ltr'><strong>ad</strong></span> <span class='ocrx_word' id='word_1_248' title='bbox 364 4125 491 4190; x_wconf 72' lang='lat' dir='ltr'><strong>senilem</strong></span> <span class='ocrx_word' id='word_1_249' title='bbox 513 4127 597 4190; x_wconf 77' lang='lat' dir='ltr'><strong>citae</strong></span> <span class='ocrx_word' id='word_1_250' title='bbox 611 4125 711 4208; x_wconf 76' lang='lat' dir='ltr'><strong>finem</strong></span> <span class='ocrx_word' id='word_1_251' title='bbox 725 4146 847 4212; x_wconf 79' lang='lat' dir='ltr'><strong>semper</strong></span> <span class='ocrx_word' id='word_1_252' title='bbox 861 4125 1019 4189; x_wconf 74' lang='lat' dir='ltr'><strong>acolacum</strong></span> <span class='ocrx_word' id='word_1_253' title='bbox 1033 4126 1184 4211; x_wconf 67' lang='lat' dir='ltr'><strong>mayenne</strong></span> <span class='ocrx_word' id='word_1_254' title='bbox 1199 4159 1240 4168; x_wconf 90' lang='lat'>—</span> 
     </span>
    </p>
   </div>
   <div class='ocr_carea' id='block_1_5' title="bbox 0 0 1522 4914">
    <p class='ocr_par' dir='ltr' id='par_1_6' title="bbox 0 0 1522 4914">
     <span class='ocr_line' id='line_1_31' title="bbox 0 0 1522 4914; baseline 0 0"><span class='ocrx_word' id='word_1_255' title='bbox 0 0 1522 4914; x_wconf 95' lang='lat' dir='ltr'><strong> </strong></span> 
     </span>
    </p>
   </div>
  </div>
 </body>
</html>
