3022 4920
659 450 700 512 41

239 621 386 690 Tinnitus
409 625 577 710 ignemque
602 625 695 691 simul
718 626 890 692 transfudit
913 628 951 692 au
977 648 1078 694 auras.

149 763 200 816 715
238 748 303 815 Sed
325 765 388 814 non
412 750 613 836 cornipedem
638 751 742 836 potuit
764 751 867 834 girare
891 751 1072 836 superbum,

239 873 352 940 Donec
374 871 568 940 Walthsrlus
592 875 649 942 sub
673 879 815 942 mantum
839 876 978 961 cuspidis
1001 877 1097 942 ictum

236 997 370 1065 Fixarat
393 1005 424 1065 et
446 998 524 1066 sella
547 1000 768 1066 moribundum
793 998 921 1065 sustulit
944 999 1017 1066 alta

160 1198 162 1201 .
236 1123 300 1201 Qui
324 1129 420 1209 eaput
442 1125 561 1190 orantis
584 1127 713 1211 proprio
737 1143 885 1191 mucrone
909 1125 1050 1191 recidens

236 1245 263 1311 F
266 1248 330 1313 ecit
352 1254 519 1331 cognatum
544 1250 667 1335 pariter
685 1248 810 1314 fluitare
834 1267 986 1314 cruorem.

147 1385 199 1438 720
286 1371 379 1437 Hunc
402 1374 455 1440 ubi
480 1373 674 1440 Guntharius
698 1373 863 1458 conspexit
886 1373 973 1439 obire
997 1374 1160 1458 superbus,

236 1496 393 1564 Hortatur
417 1499 517 1564 socios
541 1519 680 1584 pugnam
703 1519 855 1565 renouare
878 1499 1034 1564 furentes:

232 1620 481 1704 ‘Aggrediamur
505 1645 575 1689 eum
599 1645 657 1690 neo
680 1625 837 1711 respirare
861 1624 1012 1706 sinamus,

236 1745 349 1812 Donec
372 1745 519 1814 deficiens
542 1749 693 1815 lassescat
716 1754 747 1815 et
770 1750 843 1816 inde
866 1749 1026 1815 reuinctus

237 1871 418 1938 Thesauros
441 1873 552 1940 reddet
574 1873 640 1940 luet
664 1879 694 1939 et
718 1894 774 1959 pro
799 1875 950 1957 sanguine
974 1873 1111 1959 poenas?

147 2007 197 2061 725
286 1997 410 2063 Tertius
434 2017 471 2062 en
495 1998 712 2063 Ewurbardus
736 1999 801 2066 abit
824 1999 1002 2084 bellumque
1024 1999 1159 2082 lacessit,

236 2120 421 2198 Quamlibet
443 2144 481 2189 ex
505 2122 599 2206 longa
622 2129 789 2205 generatus
812 2127 911 2210 stirpe
934 2129 1084 2209 nepotum

236 2245 268 2312 O
292 2246 342 2312 uir
364 2247 449 2314 clare
470 2255 552 2314 tuus·
567 2253 719 2331 cognatus
743 2254 775 2313 et
798 2249 874 2314 artis
898 2253 1030 2331 amator,

235 2369 395 2456 Pandare,
420 2375 473 2458 qui
498 2373 654 2458 quondam
679 2375 782 2439 iussus
806 2373 997 2439 confundere
1020 2373 1129 2439 foedus

236 2496 278 2562 In
301 2498 421 2563 medios
444 2498 542 2565 telum
565 2499 685 2564 torsisti
710 2499 829 2583 primos
853 2497 1001 2563 Achiuos.

149 2634 200 2688 730
236 2621 300 2687 Hio
323 2643 475 2707 spernens
498 2625 621 2689 hastam
646 2623 827 2709 pharetram
843 2623 979 2704 gestauit
1000 2627 1032 2688 et
1052 2641 1170 2706 arnum,

236 2746 374 2813 Eminus
398 2749 521 2813 emissis
544 2748 628 2814 haud
653 2768 751 2833 aequo
774 2754 876 2814 marte
899 2747 1023 2830 sagittis

220 2957 276 3012 714
299 2955 464 3012 transiundit
487 2959 512 3012 D
597 2960 649 3013 716
673 2957 832 3013 Waltharus
855 2956 881 3010 Α
950 2959 1012 3018 ,717
1041 2958 1166 3012 Duxerat
1192 2957 1216 3011 T

150 3061 1214 3134 ssMmmmfflfflMfflmmmummmwmmmb

150 3178 245 3227 riualis
264 3176 376 3244 neplecto
394 3175 447 3244 lopo
464 3179 538 3226 metri
550 3179 615 3226 coni.
630 3171 738 3225 Biester.
794 3171 847 3224 720
864 3169 951 3238 Nune]
971 3169 1006 3224 N
1013 3163 1216 3224 simillsb‘tleroe

150 3275 179 3328 H
196 3287 222 3332 in
243 3278 285 3348 01
302 3277 441 3333 cuntarius
459 3278 481 3334 0
536 3279 588 3332 720
606 3276 698 3332 obisse
716 3297 734 3349 y
788 3277 838 3331 721
857 3276 988 3347 pugnam]
1002 3275 1102 3331 bellum
1114 3276 1139 3330 T
1154 3276 1159 3342 1
1175 3290 1215 3329 re·

151 3397 252 3440 uocare
265 3386 288 3440 B
343 3387 396 3440 722
407 3385 517 3440 Dicens.
532 3383 725 3454 adgrediamur
743 3397 767 3437 o.
780 3399 806 3437 n.
819 3398 841 3437 r.
855 3398 876 3436 s.
890 3383 938 3436 BT
954 3384 958 3450 Ι
975 3382 1051 3452 adgr.
1065 3383 1114 3436 DB
1131 3385 1135 3450 Ι
1151 3398 1185 3437 ne
1198 3381 1216 3436 b

152 3490 203 3545 723
222 3511 313 3548 uersus
331 3494 399 3546 deest
416 3493 442 3546 D
458 3492 462 3558 Ι
478 3490 647 3546 lassescattl
673 3491 793 3544 lasesoat
810 3490 833 3544 B
850 3490 854 3556 Ι
870 3494 992 3543 nunotvs
1011 3488 1036 3542 A
1096 3489 1149 3543 724
1166 3487 1217 3543 luit

152 3595 177 3648 D
198 3599 203 3664 l
225 3599 368 3670 penamB
441 3597 493 3652 725
511 3596 682 3653 Wurhurdvs
700 3597 726 3651 A
752 3593 894 3650 wrhardus
916 3596 952 3662 (w
970 3598 1055 3649 lutera
1072 3577 1163 3649 letrau
1180 3611 1216 3650 ve

152 3707 254 3772 similis)
273 3705 295 3760 0
325 3705 391 3758 uode
408 3703 577 3759 Werhardus
596 3705 699 3758 llsctcr
726 3701 913 3757 euuarhardus
932 3702 957 3755 D
984 3686 1216 3756 uurimhardusB

153 3809 333 3866 wirmbardus
355 3810 374 3866 b
405 3810 587 3866 vuarmardus
610 3812 662 3880 (m,
687 3828 736 3862 oon
760 3808 799 3874 in)
824 3809 849 3862 T
881 3807 1079 3863 Werinbardus
1098 3807 1215 3862 IGrrmm

156 3915 261 3972 Excidit
284 3926 309 3971 in
334 3939 352 3971 α
376 3926 463 3988 prima
486 3921 571 3972 littero
589 3917 626 3986 E,
651 3935 726 3989 quam
750 3914 908 3969 sauuultD
939 3914 1116 3970 Eburhardus
1136 3922 1172 3968 est
1190 3922 1216 3966 tn

155 4019 305 4078 Elclceborcii
317 4025 419 4078 casibus
429 4044 455 4095 p.
466 4023 525 4088 103,
534 4024 576 4078 27.
595 4023 692 4088 10414.
706 4023 745 4074 10.
763 4021 767 4088 Ι
780 4018 807 4080 ill
814 4020 905 4076 abito
959 4023 1010 4076 726
1023 4018 1178 4086 Quamlibet
1189 4019 1215 4073 A
1326 4055 1327 4060 =

156 4125 206 4182 727
225 4129 294 4184 arcis
313 4139 340 4183 aa·
349 4133 376 4201 fl
396 4129 418 4185 0
446 4133 521 4184 artus
540 4129 562 4184 Β
590 4129 672 4184 armis
690 4129 715 4182 T
770 4130 820 4184 731
840 4128 907 4183 haut
925 4127 972 4184 OD
