3022 4920
649 437 702 502 '53
779 500 781 505 .

237 611 373 678 Mentem
398 614 530 698 quisque
553 633 655 680 meam
681 613 740 680 sibi
766 615 912 681 uindicet.
949 639 987 683 en
1008 638 1064 700 ege
1082 624 1190 703 partus

236 738 319 803 Ante
343 738 422 802 meri
447 759 527 821 sum,
551 735 757 804 Wormatiam
783 761 877 824 quam
901 741 1017 809 talibus
1041 744 1118 808 actis

236 861 406 945 Ingrediar.
443 867 531 948 petat
553 862 604 928 hic
628 864 763 948 patriam
788 865 855 932 sine
879 868 1031 949 sanguine
1057 867 1179 933 uictor?

153 1003 201 1056 950
235 987 395 1052 Hactenus
420 987 541 1052 arsistis
565 986 722 1054 hominem
748 990 885 1074 spoliare
909 992 1055 1075 metallis,

234 1111 325 1178 Nunc
349 1112 456 1178 ardete
479 1111 539 1178 uiri
563 1113 667 1178 fusum
692 1113 844 1182 mundare
869 1136 1022 1199 cruorem,

235 1236 277 1302 Ut
299 1257 383 1303 mors
408 1237 568 1321 abstergat
590 1244 734 1322 mortem,
759 1241 887 1323 sanguis
912 1262 1034 1326 quoque
1060 1261 1211 1323 sanguem

236 1360 421 1448 Scieturque
444 1382 551 1429 necem
577 1364 732 1429 socierum
756 1364 850 1449 plaga
872 1364 1036 1432 necantis.'

279 1485 336 1552 His
361 1488 500 1553 animum
524 1488 616 1552 dictis
641 1487 768 1554 demens
791 1489 931 1555 incendit
955 1497 986 1556 et
1009 1511 1117 1557 omnes

145 1627 196 1681 955
233 1610 364 1678 Fecerat
386 1613 586 1678 immemores
611 1613 694 1678 uitae
718 1613 811 1678 simul
836 1619 930 1699 atque
954 1614 1074 1680 salutis.

234 1737 281 1802 Ac
304 1736 391 1803 uelut
414 1738 445 1802 in
469 1738 551 1803 ludis
576 1736 672 1801 alium
697 1757 899 1820 praecurrere
923 1741 1054 1824 quisque

233 1862 284 1927 Ad
308 1868 442 1928 mertem
466 1863 596 1945 studuit,
621 1861 674 1927 sed
699 1862 820 1945 semita,
845 1869 880 1927 ut
903 1870 995 1930 antea
1019 1864 1095 1946 dixi,

233 1986 372 2070 Cugebat
395 1987 484 2054 binos
508 1987 588 2053 belle
613 1987 761 2054 decedere
786 1987 877 2054 seles.

233 2112 290 2178 Uir
312 2117 419 2179 tamen
442 2112 573 2178 illustris
598 2111 671 2176 dum
696 2114 836 2177 cunctari
860 2113 946 2179 uidet
968 2114 1050 2198 illos,

143 2253 196 2306 960
233 2236 356 2303 Uertice
380 2238 545 2304 distractas
570 2236 733 2322 suspendit
756 2238 788 2302 in
813 2238 924 2304 arbore
947 2239 1059 2304 cristas

232 2362 274 2428 Et
296 2367 425 2428 uentum
451 2366 581 2448 captans
605 2361 750 2428 sudorem
775 2363 865 2428 tersit
889 2363 1029 2430 anhelus

276 2488 357 2554 Ecce
380 2487 544 2573 repentino
567 2487 705 2553 Randclf
726 2487 843 2554 athleta
867 2489 987 2580 canalio

230 2610 438 2678 Praeuertens
462 2611 598 2696 reliquos
621 2613 704 2677 hunc
727 2612 914 2697 inportunus
939 2614 1039 2680 adiuit

230 2735 278 2802 Ae
301 2757 376 2802 mor
398 2737 515 2803 ferrato
540 2737 631 2823 petiit
654 2737 711 2804 sub
735 2743 861 2824 pectore
885 2743 985 2806 conte.

214 2947 266 3002 946
286 2962 409 3016 rruasago
428 2947 453 3001 D
470 2948 474 3014 Ι
490 2948 514 3001 si
532 2948 572 3002 sic
590 2947 615 3001 D
670 2948 721 3002 947
741 2947 864 3016 quisque]
884 2964 915 3018 q3
933 2968 1013 3018 capra
1026 2951 1141 3002 additos
1160 2948 1201 3016 Gi

139 3053 268 3110 condicet
287 3053 384 3109 GDBT
401 3055 405 3120 Ι
421 3051 565 3114 eissilldllil
579 3057 691 3125 paratus
716 3057 798 3122 (nego
818 3073 917 3107 erasum
936 3055 1044 3116 uidetur,
1069 3060 1205 3123 aeetiyr'um

139 3177 159 3230 g
176 3163 275 3215 litterae
295 3163 364 3232 infra
383 3160 543 3227 cemriur)D
562 3175 626 3214 ecce
644 3163 756 3230 paratus
775 3159 870 3212 Molrer
888 3163 985 3228 pactus
1005 3162 1045 3212 uel
1061 3164 1204 3227 promptus

140 3266 267 3331 Meritus,
287 3271 378 3320 certus
400 3266 514 3321 lGrrmm
531 3288 556 3337 p.
570 3267 605 3321 68
667 3267 720 3320 948
738 3265 942 3320 uermatiamB
999 3265 1051 3319 949
1070 3266 1204 3333 sanguine

139 3373 237 3428 fusoD
253 3374 257 3440 Ι
275 3374 452 3444 interrogandi
462 3380 548 3427 notam
561 3379 646 3443 posuit
655 3373 766 3434 Fischer,
776 3375 877 3426 sustulit
886 3371 1011 3426 Meridies.
1058 3372 1110 3426 950
1119 3370 1202 3426 Acte-

138 3497 191 3536 nus
210 3480 234 3533 D
289 3480 341 3534 952
358 3479 395 3532 Et
414 3494 487 3533 murs
505 3479 527 3532 B
543 3480 548 3547 i
564 3469 726 3547 abstdgatG
742 3481 746 3545 Ι
763 3493 886 3547 sanguen
906 3477 1023 3532 Merilias
1077 3478 1130 3532 954
1148 3479 1203 3532 ani-

139 3603 214 3642 mum
239 3608 259 3640 ω
290 3585 371 3640 alium
399 3585 500 3640 Fischer
572 3585 624 3640 955
646 3585 810 3640 inmemores
835 3585 857 3638 B
885 3583 1003 3639 inureres
1029 3588 1084 3651 (me
1106 3589 1152 3652 er.)
1178 3585 1203 3639 D

138 3693 192 3748 956
210 3691 295 3747 ueluti
314 3691 341 3746 in
360 3691 386 3745 D
413 3691 496 3746 uelud
514 3691 580 3746 inT
634 3693 685 3746 957
705 3691 795 3759 antea]
815 3694 867 3747 aria
887 3691 908 3746 O
962 3691 1014 3745 958
1033 3691 1166 3746 decedere
1186 3714 1203 3746 α

138 3797 272 3854 deducere
299 3798 325 3852 D
367 3797 513 3852 decernere
540 3818 559 3869 y
666 3799 718 3853 959
748 3799 850 3868 tamen]
878 3799 908 3851 tri
935 3817 968 3852 ne.
995 3797 1016 3854 O
1044 3802 1049 3862 Ι
1080 3798 1149 3852 uidit
1177 3799 1202 3852 D

138 3906 192 3961 962
215 3903 319 3960 rantolf
340 3905 353 3958 I
380 3904 499 3960 Randolt
526 3905 640 3976 FLinar'y
663 3905 797 3959 secuudum
823 3924 851 3957 ea
876 3924 940 3976 quae
960 3903 1076 3958 [Grimm
1101 3906 1203 3958 dixerat

134 4033 163 4084 p.
177 4011 228 4065 117
244 4013 249 4080 Ι
265 4009 370 4066 caballo
389 4011 498 4067 duur
552 4011 604 4065 963
623 4005 787 4066 Preueniens¹
806 4011 831 4063 D
849 4012 853 4077 Ι
869 4011 966 4081 inport.
987 4009 1034 4064 OD
1089 4009 1141 4063 964
1160 4008 1202 4063 Ac

136 4133 202 4174 mox
221 4139 241 4171 ω
268 4119 304 4172 Et
322 4117 425 4172 Fucin-
440 4119 444 4184 Ι
460 4126 553 4172 centro
573 4117 593 4171 C
