3036 4914
739 439 778 484 XI

156 657 158 662 .
265 596 396 681 ristepb.
414 593 449 680 b]
475 596 604 662 metrice
624 597 830 682 conpositam,
847 595 1020 663 Historiam
1038 597 1166 664 Daretis
1181 597 1290 682 Frigii,

266 718 398 786 urorum
429 699 610 803 uetuere,
637 720 728 786 vius
764 719 794 786 s.
817 720 956 788 aarum
993 720 1136 788 seuerus
1170 721 1292 788 urerer

268 841 414 926 Gangulti
453 842 588 910 Martius
621 843 759 910 Lutwini
795 843 954 931 Symiouis
988 844 1114 911 Paulini
1150 844 1292 912 Medardi

269 967 474 1046 Theoderici3
514 988 534 1032 a
571 967 714 1052 pluribus
758 968 897 1035 librariis
932 974 1062 1036 exarata
1098 970 1195 1054 baec,
1237 970 1292 1036 sed

212 1081 215 1089 ‘
267 1091 432 1158 Prudentii
455 1111 580 1158 carmen
610 1111 682 1157 curn
703 1092 820 1159 Durate
844 1098 875 1160 et
895 1093 1070 1160 Waltborio
1093 1113 1158 1159 una
1180 1113 1292 1159 manus

268 1215 404 1300 scripsit
437 1214 622 1298 Adligatum
644 1220 693 1283 eat
716 1217 879 1304 exemplar
895 1216 1063 1284 Gestorum
1078 1216 1291 1300 Romanorum
1390 1261 1393 1272 ι

268 1339 447 1425 inpressum
471 1360 498 1404 a.
519 1341 603 1404 1488
627 1340 660 1406 in
676 1341 729 1406 fol.
748 1361 772 1406 s.
789 1341 809 1407 l.

336 1463 462 1530 Primus
484 1463 568 1528 buno
589 1464 705 1530 librum
730 1464 856 1531 contuli.

338 1586 429 1652 Hanc
452 1607 509 1670 ego
532 1587 684 1654 librorum
708 1590 823 1672 trigam
849 1588 1095 1655 consentientem
1113 1593 1223 1654 contra
1244 1608 1294 1654 ce-

273 1718 358 1778 teros
382 1711 528 1797 plurimis
551 1711 629 1778 locis
652 1717 746 1798 atque
763 1711 891 1778 Geraldi
909 1712 1039 1798 prologo
1063 1717 1217 1797 ornatam,
1240 1713 1294 1798 qui

221 1864 244 1921 r
273 1837 364 1904 abest
386 1836 426 1902 ab
449 1835 520 1901 aliis
544 1837 699 1921 omnibns,
722 1837 830 1903 littera
851 1863 872 1919 y
894 1835 1080 1919 significant

225 1960 365 2030 FHunc
387 1961 422 2026 in
445 1960 588 2027 ordinem
611 1961 640 2026 is
663 1980 787 2046 quoque
809 1960 890 2027 liber
905 1962 1043 2046 pertinet
1064 1981 1126 2045 quo
1148 1962 1295 2034 utebatur

270 2085 531 2170 Marquardus
558 2084 584 2151 F
590 2085 704 2151 rebar
727 2084 886 2169 (Origines
909 2083 1076 2152 Palatinae
1096 2086 1143 2152 ed.
1161 2105 1188 2151 a
1209 2086 1293 2151 1612

271 2209 301 2275 ll
324 2229 349 2276 c.
366 2209 442 2275 XIII
465 2230 495 2295 p.
514 2209 569 2289 62)
593 2209 681 2274 cuius
705 2209 803 2276 uerba
825 2209 1034 2275 subscribam:
1357 2201 1362 2210 ’

341 2330 425 2419 „Sed
449 2339 482 2400 et
505 2333 725 2418 antiquissimo
748 2333 883 2417 quodam
899 2334 1060 2420 Anonymi
1080 2334 1219 2400 carmine
1232 2332 1295 2400 La·

271 2460 339 2526 tino
362 2477 425 2525 non
450 2457 593 2524 absimile
616 2463 841 2541 augementum
865 2458 904 2526 da
920 2457 1080 2544 Gybicone
1101 2458 1295 2526 Francorum

271 2583 356 2666 Rege
373 2581 566 2650 Wormatiae
588 2582 757 2664 residente,
781 2583 911 2667 eiusque
934 2582 999 2648 tilio
1017 2581 1203 2666 Guntbario,
1226 2588 1295 2649 tum

273 2707 448 2776 Waltbario
471 2706 647 2792 Aquilone,
679 2711 711 2774 et
732 2706 905 2790 Haganoue
933 2708 1125 2793 descriptum
1152 2708 1186 2774 iu
1209 2712 1295 2775 ueta-

273 2833 361 2900 ribus
385 2832 577 2898 membranis
593 2831 707 2898 habeo:
732 2832 816 2916 quod
839 2851 911 2897 cum
934 2831 1005 2897 aliis
1028 2832 1096 2898 eius
1118 2832 1239 2898 farinae
1262 2833 1295 2897 in

273 2959 371 3024 Tomo
383 2956 607 3024 Francicornm
623 2953 802 3024 ἆνεκδότων
814 2955 996 3041 propediem
1013 2954 1087 3038 (ξὺν
1098 2955 1187 3045 Θεῷ)
1203 2955 1296 3022 edere

274 3083 418 3150 meditor.
457 3081 510 3147 Sic
532 3101 606 3164 argo
629 3079 717 3163 illud,
742 3080 781 3146 de
803 3077 977 3146 Waltbario
1001 3100 1019 3144 e
1041 3077 1219 3145 Pannonia:

292 3231 367 3298 (431)
403 3229 525 3285 Venerat
542 3227 582 3283 ad
595 3227 708 3283 fluuium
729 3227 782 3282 iam
802 3241 917 3297 uespere
935 3231 994 3281 turn
1013 3225 1160 3296 mediante,

402 3334 514 3390 Scilicet
532 3333 568 3389 ad
587 3333 722 3403 Rhenum,
741 3349 796 3402 qua
814 3349 922 3388 cursum
942 3331 1032 3387 tendit
1049 3331 1085 3388 ad
1103 3332 1197 3388 urbem

403 3441 518 3497 Nomine
538 3440 725 3509 wormatiam,
743 3439 828 3510 regali
848 3438 914 3494 seda
932 3439 1073 3493 nitentem.

277 3615 321 3680 er
343 3612 418 3679 arrei
440 3610 626 3694 retegam
649 3589 854 3698 cyceonem,
876 3611 1045 3677 iactantem
1070 3609 1206 3675 inuuere:

277 3769 368 3838 (1085)
404 3768 532 3824 Dedecus
551 3773 580 3823 at
596 3773 704 3824 tautum
723 3766 865 3838 superabit
881 3767 998 3822 Francia
1016 3781 1163 3837 nunquam.

403 3873 495 3930 Antea
512 3878 574 3944 qula
590 3873 692 3930 fuimus
711 3874 831 3944 suspecti
849 3872 930 3928 sibila
947 3873 1054 3941 dautes,

402 3981 568 4037 Francorum
588 3981 681 4037 dicent
697 3982 834 4037 exercitus
853 3979 941 4036 omnis
960 3977 995 4034 ab
1014 3994 1078 4048 uuo,

403 4088 484 4154 (Proh
503 4088 602 4159 pudor)
620 4089 744 4158 ignotum
763 4088 808 4142 uel
826 4100 890 4156 quo,
908 4091 951 4140 est
969 4085 1080 4156 impune
1098 4086 1221 4138 necatus.
