3036 4914
634 463 703 512 [ΝΠ

145 630 191 709 61,
205 627 244 692 10
266 628 420 692 heremum
449 647 529 712 quae
558 624 693 710 Voeepue
722 627 912 690 nominatur.
954 621 1097 706 Denique
1126 641 1196 688 cum

144 749 260 817 Geraldi
284 727 441 837 prologns,
466 749 539 834 quia
568 768 630 813 noo
659 747 721 813 nisi
744 753 831 814 extet
853 748 886 813 in
910 747 1000 814 libris
1022 746 1112 832 BbT,
1143 747 1197 831 qui

144 881 283 961 quantum
305 876 389 942 inter
413 895 447 940 se
471 871 687 939 similitudinis
711 872 843 956 habent,
873 878 996 938 tantam
1022 871 1060 938 ab
1084 873 1197 938 ceteris

143 1001 249 1066 diuersi
282 1004 371 1083 sunt,
406 999 519 1065 tertiae
554 998 745 1064 recensionis
781 997 928 1084 proprius
963 1017 1031 1063 esse
1065 1000 1197 1079 constet,

144 1125 209 1191 haec
246 1130 351 1190 autem
381 1123 520 1190 recensio
550 1122 705 1209 posterior
734 1123 775 1188 sit
803 1123 923 1207 prima,
954 1121 1197 1207 inprobissimus

143 1249 200 1316 cine
237 1249 331 1315 dnbio
371 1248 529 1335 putandus
568 1249 628 1314 orit
651 1246 816 1330 GeraldnS,
851 1246 1057 1313 stultissimus
1092 1252 1196 1312 autem

140 1373 380 1440 Erchamboldus
410 1373 551 1457 quisquis
580 1372 633 1438 ille
655 1372 723 1437 fuit.
765 1371 854 1450 Quod
884 1370 1035 1438 iudicium
1064 1389 1135 1436 cnm
1164 1371 1196 1436 iu

143 1499 200 1564 sola
225 1498 489 1584 interpretatione
519 1498 641 1584 prologi
671 1497 840 1580 consistat,
871 1496 959 1562 cuius
990 1515 1092 1561 sermo
1120 1495 1196 1561 satis

142 1631 182 1690 cst
204 1643 295 1710 asper
319 1630 351 1690 et
373 1623 541 1706 obscurus,
566 1622 768 1689 uehementer
792 1622 997 1688 admonemur
1020 1641 1060 1687 ne
1083 1620 1198 1687 iniuste

141 1769 271 1832 agamus
308 1746 407 1814 Multo
431 1753 504 1814 ante
528 1767 621 1831 quem
645 1746 877 1813 Erchamboldo
901 1747 1043 1832 scripsit,
1068 1746 1107 1812 de
1130 1765 1198 1811 car·

141 1874 217 1940 mine
240 1879 348 1939 nostro
386 1872 482 1939 uerba
511 1873 623 1938 fecisse
652 1871 825 1938 credendus
856 1878 904 1938 est
931 1870 1085 1938 Geraldus
1113 1870 1197 1956 apud

139 1996 221 2064 illum
250 1998 301 2064 cai
328 1997 538 2083 inscripturus
567 2001 648 2062 erat:
678 1995 732 2061 diu
761 1997 968 2064 exercitatum
999 1995 1197 2062 mendacium

139 2122 237 2190 habes.
283 2123 373 2201 Quod
401 2122 464 2188 nisi
494 2123 669 2188 certissime
702 2121 819 2187 euincit
850 2121 1014 2207 prologus,
1049 2141 1106 2204 ego
1136 2140 1198 2185 non

137 2249 269 2314 credam.
327 2249 432 2332 Atque
471 2248 535 2312 iam
569 2246 741 2312 uersiculos
780 2245 858 2310 istos
896 2244 1081 2312 retractanti
1119 2243 1198 2310 nihil

136 2377 290 2455 occurret,
323 2372 406 2457 qnod
435 2372 611 2438 necessario
643 2371 801 2457 pertineat
829 2371 868 2436 ad
897 2390 1024 2436 carmen
1055 2369 1094 2436 ab
1128 2369 1197 2456 ipso

135 2495 268 2563 Geraldo
293 2497 506 2583 conpositum
537 2517 629 2562 sunm
657 2495 795 2562 laborem
821 2496 904 2580 quod
927 2497 1025 2562 iactet
1054 2495 1109 2560 nix
1141 2494 1198 2558 mi-

134 2643 200 2688 rum
228 2623 260 2687 in
285 2623 345 2688 isto
369 2623 504 2706 iugenio.
535 2621 600 2687 Nec
624 2621 747 2686 minimi
771 2626 819 2686 est
844 2620 994 2687 momenti
1018 2620 1100 2705 quod
1125 2619 1198 2685 snb-

134 2747 264 2833 scriptio
292 2745 420 2813 Geraldi
455 2767 569 2812 nomen
599 2767 661 2812 non
690 2746 832 2812 exhibet:
869 2765 1058 2830 quamquam
1088 2739 1198 2811 titulus

135 2873 186 2958 qui
217 2877 306 2938 extat
333 2873 366 2937 in
389 2871 415 2938 B
440 2872 479 2938 ab
507 2873 569 2938 isto
600 2871 758 2958 profectus
789 2871 914 2936 uidetur
943 2875 1092 2938 turmioni
1120 2871 1199 2936 liber

135 3001 269 3064 dummoc
303 2999 461 3062 sodalium
504 2997 673 3063 Waltlruro'c'
706 3010 735 3062 et
768 2997 974 3082 Hapuoonc'e:
1014 2995 1126 3079 quibus
1164 2994 1198 3059 iu

135 3123 239 3189 uerbis
272 3122 367 3188 etiam
404 3121 550 3216 adnectas
581 3141 696 3205 quaeso
731 3124 879 3186 terminat
908 3119 1045 3205 positum
1075 3140 1131 3206 pro
1162 3140 1197 3184 eo

136 3249 217 3332 qnod
249 3247 388 3313 solemne
424 3250 472 3313 est
501 3249 653 3336 Empticir.
701 3245 782 3311 Nam
812 3245 991 3330 inscriptio,
1026 3265 1106 3330 qnae
1135 3249 1197 3312 est:

135 3374 255 3462 Incipit
277 3377 385 3461 poesie
411 3371 546 3440 deraldo
571 3375 609 3437 de
634 3369 802 3439 Gaalturr'o
831 3390 894 3435 non
925 3375 973 3436 est
999 3371 1100 3458 ipsius
1130 3391 1198 3444 car·

135 3499 244 3580 minis,
275 3497 358 3582 quod
381 3517 401 3561 a
423 3517 538 3580 magna
560 3495 675 3562 initiali
697 3495 824 3582 incipit,
854 3496 911 3562 sed
941 3496 1038 3563 solius
1065 3496 1198 3582 prologi,

134 3643 228 3708 quem
251 3622 310 3688 hoc
333 3621 468 3707 superbo
492 3622 595 3707 poesis
624 3620 750 3687 nomine
779 3619 945 3703 insigniuit
973 3621 1116 3704 egregius
1145 3621 1199 3688 ille

134 3754 228 3834 poeta
251 3745 414 3813 Geraldns.
453 3745 543 3824 Quod
571 3747 598 3811 si
621 3746 671 3811 oni
700 3746 803 3810 minus
827 3744 959 3830 placeat,
988 3745 1101 3812 saltem
1125 3765 1198 3813 con·

135 3873 224 3940 cedet
268 3873 301 3937 in
347 3870 444 3937 medii
482 3871 553 3937 aeui
591 3870 737 3957 operibns
776 3869 1058 3956 subscriptionibus
1099 3871 1197 3936 multo

135 3998 286 4064 maiorem
312 3997 528 4062 auctoritatem
554 3995 660 4063 deberi
685 4015 778 4082 quam
802 3995 1011 4082 inscriptioni.

224 4121 323 4204 lgitur
353 4119 521 4188 Geraldum
552 4141 608 4204 ego
637 4141 700 4187 non
729 4121 829 4208 magis
859 4125 1016 4187 auctorem
1049 4119 1198 4188 carminis
