3036 4914
860 442 880 504 6

339 638 374 692 20
405 619 465 700 Qui
488 641 551 685 non
575 617 734 685 confidens
758 619 855 684 armis
879 617 929 682 nel
952 617 1063 684 robore
1090 616 1190 702 plebis

406 744 579 812 Concilium
605 745 699 828 cogit,
724 763 803 828 quae
827 744 890 808 sint
912 740 1056 808 facienda
1078 741 1219 827 requirit.

406 869 599 937 Consensere
623 889 746 933 omnes:
776 867 886 933 foedus
909 866 1022 932 debere
1046 866 1169 952 precari

407 993 451 1061 Et
473 993 617 1076 dextras,
642 992 669 1056 si
692 991 774 1093 forte
797 992 924 1075 darent,
948 992 1136 1075 coniungere
1159 990 1280 1057 dextris

408 1117 639 1201 Obsidibusque
663 1116 745 1181 datis
768 1137 895 1183 censum
920 1115 1101 1202 persoluere
1124 1116 1255 1182 iussu'm.

341 1260 375 1314 25
406 1243 475 1309 Hcc
498 1242 612 1308 melius
636 1241 703 1307 fore
727 1261 821 1324 quam
845 1241 942 1306 uitam
968 1239 1060 1306 simul
1086 1260 1122 1306 ae
1145 1241 1306 1323 regionem

408 1366 607 1433 Perdiderint
629 1371 783 1449 natosque
807 1385 879 1431 suos
904 1366 1084 1451 pariterque
1108 1365 1248 1431 maritas.

453 1492 574 1558 Nobilis
598 1491 656 1557 boc
679 1491 811 1574 Hagano
834 1490 937 1556 fuerat
960 1490 1018 1555 sub
1042 1496 1183 1575 tempore
1206 1489 1268 1556 tiro

408 1616 525 1684 indolis
550 1617 694 1700 egregiae
717 1615 847 1681 ueniens
871 1614 909 1680 de
931 1615 1072 1697 germine
1095 1614 1216 1681 Troiae.

409 1742 511 1825 Hunc,
536 1741 610 1827 quia
634 1739 826 1806 Guntbarins
851 1740 988 1805 nondum
1014 1739 1159 1825 peruenit
1182 1740 1221 1805 ad
1247 1761 1370 1823 acuum,

342 1885 378 1938 30
409 1867 452 1933 Ut
474 1867 542 1932 sine
566 1873 667 1932 matre
691 1871 785 1950 queat
807 1865 904 1930 uitam
929 1865 1065 1931 retinere
1088 1864 1247 1949 tenellam,

410 1991 488 2059 Cum
513 2013 592 2075 gaza
615 1991 736 2074 ingenti
760 1990 931 2056 decernunt
953 1990 1079 2055 mittere
1102 1990 1178 2074 regi.

410 2117 475 2184 Neo
499 2136 597 2200 mora
622 2115 717 2198 legati
741 2135 867 2180 censum
892 2116 1100 2200 iuuenemque
1122 2115 1259 2182 ferentes

409 2241 591 2308 Deueniunt
614 2261 786 2326 pacemque
809 2246 923 2323 rogant
946 2260 982 2305 ee
1004 2240 1131 2305 foedera
1153 2239 1291 2307 firmant.

456 2367 611 2451 Tempore
636 2385 696 2449 quo
718 2364 834 2430 ualidis
858 2369 989 2431 steterat
1010 2363 1193 2448 Burgundia
1218 2365 1351 2452 sceptris

345 2505 380 2561 35
412 2491 508 2558 Cuius
531 2491 702 2577 primatum
727 2489 888 2556 Heriricus
911 2490 992 2556 forte
1015 2489 1153 2572 gerebat.

411 2616 493 2682 Filia
515 2616 588 2681 huic
611 2619 732 2680 tantum
757 2615 818 2680 fuit
840 2615 933 2681 unica
955 2614 1081 2680 nominc
1104 2613 1251 2698 Hiltgunt

411 2740 583 2808 Nobilitate
607 2740 731 2824 quidem
757 2739 878 2825 pollens
903 2759 939 2804 ae
962 2746 1099 2806 scemate
1118 2741 1248 2807 formae.

413 2867 531 2933 Debuit
555 2866 632 2931 baec
655 2865 745 2930 heres
770 2864 841 2930 aula
863 2864 1002 2930 residere
1025 2871 1158 2951 paterna

413 2995 517 3076 Atque
541 2991 594 3057 diu
618 2995 766 3073 congesta
788 2989 861 3072 frui,
886 2989 913 3054 si
936 2989 1018 3056 forte
1040 2989 1158 3056 liceret.

261 3106 263 3111 ¹
346 3134 382 3188 40
458 3117 586 3200 lamque
610 3117 732 3180 Auaros
755 3113 847 3180 firma
870 3134 941 3180 cum
964 3112 1095 3180 Francis
1118 3135 1196 3201 pace
1219 3120 1347 3202 peracta

418 3381 453 3435 eo
472 3379 514 3434 uer
535 3401 555 3433 ω
574 3383 603 3433 a
621 3379 746 3433 rersmm.
800 3352 905 3432 no-ne
924 3387 950 3432 a
962 3385 1078 3450 magau
1089 3378 1163 3450 pac
1217 3380 1251 3434 21
1271 3379 1334 3448 sint]
1351 3373 1403 3432 sn

347 3488 382 3542 23
409 3486 445 3543 Ut
468 3485 627 3541 dextresT
668 3485 706 3538 Et
729 3484 753 3538 ei
776 3482 848 3539 forte
872 3484 970 3538 dorent
993 3483 1138 3540 dextresl
1211 3483 1402 3542 reiecturus

348 3595 382 3650 27
401 3592 462 3661 boe]
482 3607 515 3646 ec
533 3592 569 3646 D¹
634 3593 668 3646 29
688 3589 890 3646 cunthariusA
954 3591 989 3644 30
1007 3591 1175 3646 nouellaml
1232 3593 1337 3648 34-39
1353 3594 1403 3662 poet

348 3721 373 3755 u.
391 3701 426 3753 51
443 3699 591 3761 secuntqu
656 3698 691 3753 35
709 3697 847 3753 betericus
865 3698 891 3752 D
917 3696 1049 3752 heriricus
1067 3696 1111 3752 Tb
1128 3697 1270 3765 herlrieus
1289 3701 1309 3768 (i
1327 3695 1402 3758 eraso)

349 3806 375 3860 A
402 3805 563 3862 berrieueG
596 3806 722 3860 henricus
740 3804 777 3859 BI
849 3805 883 3858 36
908 3802 1059 3858 bilenndB
1090 3804 1259 3860 hildeundb
1288 3804 1403 3873 bildgunt

350 3914 373 3967 T
398 3914 403 3979 Ι
427 3931 516 3967 uersus
540 3921 565 3966 r'n
586 3913 611 3965 D
631 3921 668 3967 ate
685 3915 791 3984 legitur:
815 3911 904 3966 Vnica
929 3915 993 3966 nata
1017 3908 1070 3965 fuit
1088 3909 1152 3966 huic
1174 3917 1281 3967 tautum
1305 3909 1402 3968 nomine
1487 3899 1488 3954 j

348 4018 468 4088 hiltgnnt
537 4019 572 4073 37
597 4022 713 4074 stemate
737 4017 763 4071 Α
790 4022 911 4072 scemate
935 4017 960 4072 T
988 4021 1133 4074 stemmate
1156 4026 1233 4074 cetero·
1254 4021 1259 4087 Ι
1283 4018 1353 4088 famo
1374 4031 1402 4067 oo

350 4123 437 4197 forme
455 4133 489 4179 or't
506 4144 555 4178 oon
565 4129 649 4200 focile
667 4127 763 4178 dixeris
782 4123 803 4179 C
856 4125 892 4179 40
911 4125 1034 4194 Namque
1052 4146 1071 4196 y
