3036 4914
725 465 828 512 XXXII

267 627 330 690 831
348 647 371 688 a
396 623 522 688 Emicat
543 621 606 706 hic]
640 621 764 688 sublata
786 624 863 690 haec
890 644 929 690 ex
953 622 1056 690 AXII
1074 626 1152 690 728:
1184 622 1310 688 Emicat

356 747 407 812 hie
435 747 563 832 impune
593 752 709 833 putans
739 753 771 814 et
799 767 930 834 corpore
958 753 1024 814 1010
1049 747 1123 814 Alte
1150 747 1309 813 sublatum

355 872 516 954 consurgit
539 871 663 938 Turnus
686 873 720 938 in
745 893 860 938 ensem.

247 998 331 1062 1143
355 996 464 1061 urbem
480 995 634 1081 remeare]
661 998 690 1062 A
705 996 750 1062 XI
768 999 830 1064 793
854 998 974 1082 patrias
993 996 1139 1063 remeabo
1156 994 1309 1078 inglorius

355 1120 458 1186 urbes.

247 1247 331 1310 1182
356 1263 501 1330 soporem
516 1243 667 1329 Ruperat]
687 1243 783 1311 AVII
795 1247 859 1312 458
877 1265 1020 1311 somnum
1035 1294 1043 1310 .
1057 1294 1065 1309 .
1079 1295 1087 1310 .
1100 1245 1188 1329 rupit
1199 1263 1308 1329 pauor.

247 1371 332 1434 1213
354 1369 427 1451 fuge
457 1368 570 1435 domne
598 1367 823 1456 propinquant]
853 1368 928 1435 AII
945 1373 1008 1435 733
1037 1369 1110 1452 fuge
1138 1373 1212 1434 nate
1235 1387 1310 1455 pro-

354 1493 518 1578 pinquant.

247 1616 451 1683 1263111110
475 1636 532 1702 pro
557 1615 670 1703 clipeo]
695 1616 785 1683 AIX
801 1620 866 1684 810
890 1617 929 1683 al.

248 1745 333 1808 1310
357 1742 472 1807 tacito.
489 1791 496 1806 .
511 1791 517 1806 .
532 1739 672 1826 pectore]
699 1742 727 1807 A
744 1740 838 1808 1502
862 1742 1013 1808 tacitum.
1029 1792 1036 1807 .
1051 1791 1058 1806 .
1074 1746 1192 1826 pectus.

247 1869 332 1932 1389
355 1866 455 1951 clipeo
477 1866 688 1933 insertauerat
710 1865 830 1950 ulnam]
863 1866 937 1932 ΑΙΙ
952 1868 1015 1933 671
1047 1865 1209 1951 clipeoque
1233 1863 1310 1929 sini-

356 1995 453 2056 stram
477 1989 683 2079 Insertabam.

195 2096 223 2121 ⁷
333 2116 381 2182 Ac
409 2136 449 2181 ne
477 2117 556 2200 quis
575 2096 694 2181 frustra
723 2115 917 2201 insumptum
945 2115 1028 2180 hunc
1049 2114 1190 2181 laborem
1213 2112 1311 2178 taedii

243 2239 370 2326 plenum
395 2238 516 2307 credat:
542 2239 730 2324 aliquotiens
754 2240 977 2326 conparatione
1000 2238 1056 2305 illa
1080 2260 1098 2305 a
1121 2235 1310 2304 coniecturis

244 2364 422 2431 defenditur
450 2368 544 2448 poeta
572 2386 598 2430 e.
615 2386 644 2447 g.
672 2367 733 2430 797
764 2367 819 2430 relc'
845 2388 899 2430 sec
926 2365 1069 2442 uolueras
1098 2376 1208 2429 auctor
1242 2362 1310 2428 954

245 2493 401 2571 acimum,
434 2488 621 2555 emendandi
649 2489 764 2555 rectior
786 2488 840 2554 uia
863 2494 1056 2555 monstratur
1083 2494 1119 2553 ut
1149 2489 1214 2554 587
1246 2509 1308 2572 quc

244 2615 368 2679 tendere
386 2628 535 2701 pcrpcar,
560 2634 622 2680 non
646 2634 717 2680 raro
742 2615 836 2680 etiam
862 2613 1075 2696 distinguendi
1099 2619 1135 2678 11
1158 2615 1222 2679 832
1245 2627 1308 2695 'quo

243 2737 311 2802 loeo
341 2740 582 2804 1111101011]
606 2741 733 2805 Emicat
760 2739 816 2806 sed
844 2759 914 2805 oum
946 2739 1068 2804 ccdtcro
1097 2737 1307 2820 iungendum:

245 2860 453 2928 11112631.
492 2862 568 2928 inde
596 2863 708 2928 iustior
737 2883 859 2949 quoque
888 2883 950 2928 non
973 2881 1145 2947 paucorum
1167 2861 1308 2927 locorum

243 2986 463 3072 interpretatio
487 2993 626 3073 paratur.
667 2989 717 3054 Ad
740 2988 817 3054 haec
841 2992 993 3073 qnantum
1016 2987 1112 3052 studii
1135 2987 1243 3052 datum
1266 2985 1310 3050 sit

244 3110 433 3195 Vergilianis
463 3113 610 3198 operibus
644 3114 677 3178 11
708 3111 815 3179 Sancti
844 3111 928 3178 Galli
960 3110 1067 3178 schola
1102 3131 1137 3178 eo
1173 3109 1307 3194 saeculo,

243 3235 400 3302 luculento
423 3236 483 3301 hoe
506 3256 632 3303 carmen
648 3237 828 3302 testimonio
847 3242 910 3318 est3
934 3256 1036 3320 neque
1059 3235 1118 3301 soli
1142 3234 1308 3308 Aeneidi

243 3359 409 3426 insudasse
444 3361 592 3446 puerulos
627 3362 734 3446 uides,
767 3361 821 3428 sed
855 3362 986 3428 eandem
1021 3380 1149 3446 operam
1180 3360 1308 3430 ¹dedisse

245 3483 390 3566 eclogia
425 3490 519 3569 atque
553 3487 768 3570 georgicon
801 3485 906 3567 libris3
940 3486 986 3551 ita
1021 3485 1147 3570 quidem
1181 3491 1217 3550 11
1244 3504 1308 3549 101

243 3608 325 3674 hanc
347 3609 399 3675 uel
421 3608 509 3676 illam
532 3610 720 3696 particulam
743 3611 896 3678 memoria
916 3615 1060 3676 tenerent
1082 3609 1137 3676 sed
1154 3609 1307 3676 sermonis

244 3732 420 3818 uergiliani
446 3741 598 3820 quantum
621 3735 690 3803 fieri
713 3740 838 3822 poterat
860 3735 914 3800 illo
930 3740 1072 3821 tempore
1088 3755 1148 3820 quo
1166 3734 1306 3817 uulgaris

244 3877 346 3924 sermo
369 3857 486 3925 latinus
510 3860 686 3927 desciuerat
708 3864 872 3944 tantopere
897 3859 935 3925 ab
965 3880 1025 3925 usu
1052 3864 1211 3942 ueterum,
1240 3865 1306 3924 tam

243 3983 333 4066 gnari
357 3983 545 4068 existerent,
575 3989 625 4067 ut,
649 3985 793 4068 quotiens
818 3983 935 4049 similes
965 3983 1188 4050 describendae
1217 3991 1307 4051 erant

244 4128 308 4190 ree,
337 4107 420 4173 ultro
445 4128 478 4173 se
502 4106 650 4174 offerrent
677 4128 740 4174 non
768 4113 834 4174 1111
861 4109 977 4191 singuli
1005 4129 1133 4192 uersus,
1161 4109 1194 4174 id
1223 4108 1306 4192 quod
