<?xml version="1.0" encoding="UTF-8"?>
<!DOCTYPE html PUBLIC "-//W3C//DTD XHTML 1.0 Transitional//EN"
    "http://www.w3.org/TR/xhtml1/DTD/xhtml1-transitional.dtd">
<html xmlns="http://www.w3.org/1999/xhtml" xml:lang="en" lang="en">
 <head>
  <title>
</title>
<meta http-equiv="Content-Type" content="text/html;charset=utf-8" />
  <meta name='ocr-system' content='tesseract 3.04.00' />
  <meta name='ocr-capabilities' content='ocr_page ocr_carea ocr_par ocr_line ocrx_word'/>
</head>
<body>
  <div class='ocr_page' id='page_1' title='image "./ekkehardiprimiw00ekkegoog_0102.png"; bbox 0 0 3036 4914; ppageno 0'>
   <div class='ocr_carea' id='block_1_1' title="bbox 647 455 686 520">
    <p class='ocr_par' dir='ltr' id='par_1_1' title="bbox 647 455 686 520">
     <span class='ocr_line' id='line_1_1' title="bbox 647 455 686 520; baseline 0.051 -2"><span class='ocrx_word' id='word_1_1' title='bbox 647 455 686 520; x_wconf 80' lang='lat'>19</span> 
     </span>
    </p>
   </div>
   <div class='ocr_carea' id='block_1_2' title="bbox 215 625 1194 840">
    <p class='ocr_par' dir='ltr' id='par_1_2' title="bbox 215 625 1194 840">
     <span class='ocr_line' id='line_1_2' title="bbox 216 625 1194 717; baseline 0.012 -26"><span class='ocrx_word' id='word_1_2' title='bbox 216 625 329 694; x_wconf 88' lang='lat' dir='ltr'>Doneo</span> <span class='ocrx_word' id='word_1_3' title='bbox 351 629 456 695; x_wconf 86' lang='lat' dir='ltr'>nullus</span> <span class='ocrx_word' id='word_1_4' title='bbox 480 630 540 696; x_wconf 89' lang='lat' dir='ltr'>erit</span> <span class='ocrx_word' id='word_1_5' title='bbox 562 630 616 715; x_wconf 92' lang='lat' dir='ltr'>qui</span> <span class='ocrx_word' id='word_1_6' title='bbox 640 631 756 698; x_wconf 88' lang='lat' dir='ltr'>sentiat</span> <span class='ocrx_word' id='word_1_7' title='bbox 780 630 838 696; x_wconf 88' lang='lat' dir='ltr'>boo</span> <span class='ocrx_word' id='word_1_8' title='bbox 859 633 942 716; x_wconf 92' lang='lat' dir='ltr'>quod</span> <span class='ocrx_word' id='word_1_9' title='bbox 966 634 1120 717; x_wconf 87' lang='lat' dir='ltr'>agendum</span> <span class='ocrx_word' id='word_1_10' title='bbox 1137 642 1194 703; x_wconf 86' lang='lat' dir='ltr'>est</span> 
     </span>
     <span class='ocr_line' id='line_1_3' title="bbox 215 749 1000 840; baseline 0.01 -26"><span class='ocrx_word' id='word_1_11' title='bbox 215 749 263 815; x_wconf 92' lang='lat' dir='ltr'>Tu</span> <span class='ocrx_word' id='word_1_12' title='bbox 286 757 396 819; x_wconf 92' lang='lat' dir='ltr'>tamen</span> <span class='ocrx_word' id='word_1_13' title='bbox 418 754 539 820; x_wconf 87' lang='lat' dir='ltr'>interea</span> <span class='ocrx_word' id='word_1_14' title='bbox 561 755 763 821; x_wconf 79' lang='lat' dir='ltr'>mediocriter</span> <span class='ocrx_word' id='word_1_15' title='bbox 786 761 874 822; x_wconf 91' lang='lat' dir='ltr'>utere</span> <span class='ocrx_word' id='word_1_16' title='bbox 897 757 1000 840; x_wconf 66' lang='lat' dir='ltr'>uino,·¹</span> 
     </span>
    </p>
   </div>
   <div class='ocr_carea' id='block_1_3' title="bbox 128 873 1093 1214">
    <p class='ocr_par' dir='ltr' id='par_1_3' title="bbox 128 873 1093 1214">
     <span class='ocr_line' id='line_1_4' title="bbox 213 873 1066 962; baseline 0.011 -24"><span class='ocrx_word' id='word_1_17' title='bbox 213 873 322 959; x_wconf 87' lang='lat' dir='ltr'>Atque</span> <span class='ocrx_word' id='word_1_18' title='bbox 346 877 431 943; x_wconf 86' lang='lat' dir='ltr'>sitim</span> <span class='ocrx_word' id='word_1_19' title='bbox 456 878 511 943; x_wconf 85' lang='lat' dir='ltr'>uix</span> <span class='ocrx_word' id='word_1_20' title='bbox 534 877 575 943; x_wconf 88' lang='lat' dir='ltr'>ad</span> <span class='ocrx_word' id='word_1_21' title='bbox 599 897 739 945; x_wconf 86' lang='lat' dir='ltr'>mensam</span> <span class='ocrx_word' id='word_1_22' title='bbox 764 881 959 962; x_wconf 79' lang='lat' dir='ltr'>restinguere</span> <span class='ocrx_word' id='word_1_23' title='bbox 982 899 1066 947; x_wconf 81' lang='lat' dir='ltr'>cura.</span> 
     </span>
     <span class='ocr_line' id='line_1_5' title="bbox 212 996 1093 1087; baseline 0.008 -25"><span class='ocrx_word' id='word_1_24' title='bbox 212 996 292 1064; x_wconf 88' lang='lat' dir='ltr'>Cum</span> <span class='ocrx_word' id='word_1_25' title='bbox 319 1000 433 1084; x_wconf 87' lang='lat' dir='ltr'>reliqui</span> <span class='ocrx_word' id='word_1_26' title='bbox 457 1006 598 1084; x_wconf 84' lang='lat' dir='ltr'>surgant,</span> <span class='ocrx_word' id='word_1_27' title='bbox 624 1001 663 1066; x_wconf 86' lang='lat' dir='ltr'>ad</span> <span class='ocrx_word' id='word_1_28' title='bbox 688 1003 837 1087; x_wconf 80' lang='lat' dir='ltr'>opuscula</span> <span class='ocrx_word' id='word_1_29' title='bbox 860 1008 936 1070; x_wconf 90' lang='lat' dir='ltr'>nota</span> <span class='ocrx_word' id='word_1_30' title='bbox 958 1025 1093 1071; x_wconf 88' lang='lat' dir='ltr'>recurre.</span> 
     </span>
     <span class='ocr_line' id='line_1_6' title="bbox 128 1120 1049 1214; baseline 0.005 -26"><span class='ocrx_word' id='word_1_31' title='bbox 128 1135 176 1188; x_wconf 77' lang='lat'>285</span> <span class='ocrx_word' id='word_1_32' title='bbox 212 1120 278 1189; x_wconf 83' lang='lat' dir='ltr'>Ast</span> <span class='ocrx_word' id='word_1_33' title='bbox 301 1124 356 1190; x_wconf 88' lang='lat' dir='ltr'>ubi</span> <span class='ocrx_word' id='word_1_34' title='bbox 380 1125 441 1190; x_wconf 85' lang='lat' dir='ltr'>iam</span> <span class='ocrx_word' id='word_1_35' title='bbox 468 1130 597 1192; x_wconf 87' lang='lat' dir='ltr'>eunetos</span> <span class='ocrx_word' id='word_1_36' title='bbox 622 1132 750 1211; x_wconf 89' lang='lat' dir='ltr'>superat</span> <span class='ocrx_word' id='word_1_37' title='bbox 772 1127 924 1194; x_wconf 85' lang='lat' dir='ltr'>uiolentia</span> <span class='ocrx_word' id='word_1_38' title='bbox 946 1134 1049 1214; x_wconf 86' lang='lat' dir='ltr'>potus,</span> 
     </span>
    </p>
   </div>
   <div class='ocr_carea' id='block_1_4' title="bbox 125 1245 1188 3197">
    <p class='ocr_par' dir='ltr' id='par_1_4' title="bbox 125 1245 1188 3197">
     <span class='ocr_line' id='line_1_7' title="bbox 211 1245 1139 1338; baseline 0.009 -28"><span class='ocrx_word' id='word_1_39' title='bbox 211 1245 294 1314; x_wconf 90' lang='lat' dir='ltr'>Tum</span> <span class='ocrx_word' id='word_1_40' title='bbox 320 1249 414 1314; x_wconf 87' lang='lat' dir='ltr'>simul</span> <span class='ocrx_word' id='word_1_41' title='bbox 438 1250 582 1316; x_wconf 88' lang='lat' dir='ltr'>oeoiduas</span> <span class='ocrx_word' id='word_1_42' title='bbox 607 1271 812 1336; x_wconf 86' lang='lat' dir='ltr'>properemus</span> <span class='ocrx_word' id='word_1_43' title='bbox 838 1273 987 1336; x_wconf 84' lang='lat' dir='ltr'>quaerere</span> <span class='ocrx_word' id='word_1_44' title='bbox 1012 1252 1139 1338; x_wconf 66' lang='lat' dir='ltr'>partes?</span> 
     </span>
     <span class='ocr_line' id='line_1_8' title="bbox 210 1370 1135 1460; baseline 0.009 -25"><span class='ocrx_word' id='word_1_45' title='bbox 210 1370 311 1455; x_wconf 82' lang='lat' dir='ltr'>Uirgo</span> <span class='ocrx_word' id='word_1_46' title='bbox 337 1393 457 1440; x_wconf 89' lang='lat' dir='ltr'>memor</span> <span class='ocrx_word' id='word_1_47' title='bbox 481 1379 651 1460; x_wconf 80' lang='lat' dir='ltr'>praecepta</span> <span class='ocrx_word' id='word_1_48' title='bbox 673 1375 735 1440; x_wconf 92' lang='lat' dir='ltr'>uiri</span> <span class='ocrx_word' id='word_1_49' title='bbox 761 1375 939 1460; x_wconf 91' lang='lat' dir='ltr'>eompleuit.</span> <span class='ocrx_word' id='word_1_50' title='bbox 965 1381 996 1442; x_wconf 92' lang='lat' dir='ltr'>et</span> <span class='ocrx_word' id='word_1_51' title='bbox 1019 1395 1089 1444; x_wconf 81' lang='lat' dir='ltr'>eece</span> <span class='ocrx_word' id='word_1_52' title='bbox 1130 1413 1135 1422; x_wconf 93' lang='lat'>·</span> 
     </span>
     <span class='ocr_line' id='line_1_9' title="bbox 210 1492 919 1586; baseline 0.007 -26"><span class='ocrx_word' id='word_1_53' title='bbox 210 1492 386 1562; x_wconf 84' lang='lat' dir='ltr'>Praeiinita</span> <span class='ocrx_word' id='word_1_54' title='bbox 408 1497 475 1562; x_wconf 85' lang='lat' dir='ltr'>dies</span> <span class='ocrx_word' id='word_1_55' title='bbox 500 1498 662 1583; x_wconf 89' lang='lat' dir='ltr'>epularum</span> <span class='ocrx_word' id='word_1_56' title='bbox 687 1499 778 1564; x_wconf 90' lang='lat' dir='ltr'>uenit&#39;</span> <span class='ocrx_word' id='word_1_57' title='bbox 798 1504 829 1564; x_wconf 92' lang='lat' dir='ltr'>et</span> <span class='ocrx_word' id='word_1_58' title='bbox 852 1501 919 1586; x_wconf 88' lang='lat' dir='ltr'>ipse</span> 
     </span>
     <span class='ocr_line' id='line_1_10' title="bbox 208 1617 1053 1708; baseline 0.005 -24"><span class='ocrx_word' id='word_1_59' title='bbox 208 1617 406 1687; x_wconf 87' lang='lat' dir='ltr'>Waltharius</span> <span class='ocrx_word' id='word_1_60' title='bbox 430 1623 554 1703; x_wconf 75' lang='lat' dir='ltr'>magnis</span> <span class='ocrx_word' id='word_1_61' title='bbox 577 1621 730 1688; x_wconf 83' lang='lat' dir='ltr'>instruxit</span> <span class='ocrx_word' id='word_1_62' title='bbox 754 1624 931 1708; x_wconf 81' lang='lat' dir='ltr'>sumptibus</span> <span class='ocrx_word' id='word_1_63' title='bbox 956 1644 1053 1690; x_wconf 86' lang='lat' dir='ltr'>escas.</span> 
     </span>
     <span class='ocr_line' id='line_1_11' title="bbox 125 1741 1013 1832; baseline 0.007 -24"><span class='ocrx_word' id='word_1_64' title='bbox 125 1754 173 1808; x_wconf 86' lang='grc'>200</span> <span class='ocrx_word' id='word_1_65' title='bbox 209 1741 357 1810; x_wconf 82' lang='lat' dir='ltr'>Luxuria</span> <span class='ocrx_word' id='word_1_66' title='bbox 379 1746 411 1810; x_wconf 93' lang='lat' dir='ltr'>in</span> <span class='ocrx_word' id='word_1_67' title='bbox 436 1746 540 1811; x_wconf 86' lang='lat' dir='ltr'>media</span> <span class='ocrx_word' id='word_1_68' title='bbox 563 1746 722 1812; x_wconf 83' lang='lat' dir='ltr'>residebat</span> <span class='ocrx_word' id='word_1_69' title='bbox 745 1748 880 1832; x_wconf 91' lang='lat' dir='ltr'>denique</span> <span class='ocrx_word' id='word_1_70' title='bbox 903 1768 1013 1814; x_wconf 90' lang='lat' dir='ltr'>mensa</span> 
     </span>
     <span class='ocr_line' id='line_1_12' title="bbox 167 1867 1081 1958; baseline 0.007 -26"><span class='ocrx_word' id='word_1_71' title='bbox 167 1885 169 1891; x_wconf 79' lang='grc'><em>’</em></span> <span class='ocrx_word' id='word_1_72' title='bbox 208 1867 452 1954; x_wconf 89' lang='lat' dir='ltr'>Ingrediturque</span> <span class='ocrx_word' id='word_1_73' title='bbox 477 1869 580 1935; x_wconf 86' lang='lat' dir='ltr'>aulam</span> <span class='ocrx_word' id='word_1_74' title='bbox 607 1869 684 1935; x_wconf 92' lang='lat' dir='ltr'>uelis</span> <span class='ocrx_word' id='word_1_75' title='bbox 709 1891 764 1935; x_wconf 81' lang='lat' dir='ltr'>rer</span> <span class='ocrx_word' id='word_1_76' title='bbox 788 1872 925 1956; x_wconf 92' lang='lat' dir='ltr'>undique</span> <span class='ocrx_word' id='word_1_77' title='bbox 949 1879 1081 1958; x_wconf 90' lang='lat' dir='ltr'>septam.</span> 
     </span>
     <span class='ocr_line' id='line_1_13' title="bbox 208 1991 1074 2078; baseline 0.005 -20"><span class='ocrx_word' id='word_1_78' title='bbox 208 1991 313 2059; x_wconf 90' lang='lat' dir='ltr'>Heros</span> <span class='ocrx_word' id='word_1_79' title='bbox 338 1995 560 2077; x_wconf 77' lang='lat' dir='ltr'>magnanimus</span> <span class='ocrx_word' id='word_1_80' title='bbox 585 1994 677 2060; x_wconf 86' lang='lat' dir='ltr'>solito</span> <span class='ocrx_word' id='word_1_81' title='bbox 702 2015 793 2078; x_wconf 92' lang='lat' dir='ltr'>quem</span> <span class='ocrx_word' id='word_1_82' title='bbox 817 1996 910 2061; x_wconf 89' lang='lat' dir='ltr'>eorde</span> <span class='ocrx_word' id='word_1_83' title='bbox 934 1996 1074 2062; x_wconf 89' lang='lat' dir='ltr'>salutans</span> 
     </span>
     <span class='ocr_line' id='line_1_14' title="bbox 208 2115 1188 2204; baseline 0.003 -22"><span class='ocrx_word' id='word_1_84' title='bbox 208 2115 357 2184; x_wconf 80' lang='lat' dir='ltr'>Duxerat</span> <span class='ocrx_word' id='word_1_85' title='bbox 381 2119 420 2183; x_wconf 92' lang='lat' dir='ltr'>ad</span> <span class='ocrx_word' id='word_1_86' title='bbox 444 2117 568 2184; x_wconf 88' lang='lat' dir='ltr'>solium.</span> <span class='ocrx_word' id='word_1_87' title='bbox 600 2139 691 2202; x_wconf 91' lang='lat' dir='ltr'>quem</span> <span class='ocrx_word' id='word_1_88' title='bbox 717 2120 852 2204; x_wconf 80' lang='lat' dir='ltr'>compsit</span> <span class='ocrx_word' id='word_1_89' title='bbox 876 2119 979 2185; x_wconf 88' lang='lat' dir='ltr'>bissus</span> <span class='ocrx_word' id='word_1_90' title='bbox 1003 2125 1035 2187; x_wconf 90' lang='lat' dir='ltr'>et</span> <span class='ocrx_word' id='word_1_91' title='bbox 1058 2125 1188 2186; x_wconf 90' lang='lat' dir='ltr'>ostrum.</span> 
     </span>
     <span class='ocr_line' id='line_1_15' title="bbox 210 2240 1024 2327; baseline 0.002 -20"><span class='ocrx_word' id='word_1_92' title='bbox 210 2240 364 2308; x_wconf 82' lang='lat' dir='ltr'>Consedit</span> <span class='ocrx_word' id='word_1_93' title='bbox 386 2242 540 2327; x_wconf 85' lang='lat' dir='ltr'>laterique</span> <span class='ocrx_word' id='word_1_94' title='bbox 564 2243 658 2308; x_wconf 89' lang='lat' dir='ltr'>duoes</span> <span class='ocrx_word' id='word_1_95' title='bbox 681 2243 753 2307; x_wconf 93' lang='lat' dir='ltr'>bino</span> <span class='ocrx_word' id='word_1_96' title='bbox 776 2243 911 2327; x_wconf 91' lang='lat' dir='ltr'>indeque</span> <span class='ocrx_word' id='word_1_97' title='bbox 935 2244 1024 2309; x_wconf 85' lang='lat' dir='ltr'>binos</span> 
     </span>
     <span class='ocr_line' id='line_1_16' title="bbox 126 2365 1110 2452; baseline 0.007 -24"><span class='ocrx_word' id='word_1_98' title='bbox 126 2375 173 2431; x_wconf 83' lang='grc'>295</span> <span class='ocrx_word' id='word_1_99' title='bbox 213 2366 383 2433; x_wconf 87' lang='lat' dir='ltr'>Assedisse</span> <span class='ocrx_word' id='word_1_100' title='bbox 406 2367 502 2433; x_wconf 90' lang='lat' dir='ltr'>iubet.</span> <span class='ocrx_word' id='word_1_101' title='bbox 538 2365 675 2450; x_wconf 87' lang='lat' dir='ltr'>reliquos</span> <span class='ocrx_word' id='word_1_102' title='bbox 698 2367 782 2432; x_wconf 88' lang='lat' dir='ltr'>looat</span> <span class='ocrx_word' id='word_1_103' title='bbox 803 2369 872 2452; x_wconf 88' lang='lat' dir='ltr'>ipse</span> <span class='ocrx_word' id='word_1_104' title='bbox 896 2368 1049 2435; x_wconf 84' lang='lat' dir='ltr'>minister.</span> <span class='ocrx_word' id='word_1_105' title='bbox 1101 2385 1110 2400; x_wconf 85' lang='lat'><strong><em>‘</em></strong></span> 
     </span>
     <span class='ocr_line' id='line_1_17' title="bbox 209 2489 939 2558; baseline 0.003 -3"><span class='ocrx_word' id='word_1_106' title='bbox 209 2489 369 2556; x_wconf 85' lang='lat' dir='ltr'>Oentenos</span> <span class='ocrx_word' id='word_1_107' title='bbox 392 2491 486 2556; x_wconf 86' lang='lat' dir='ltr'>simul</span> <span class='ocrx_word' id='word_1_108' title='bbox 511 2491 671 2558; x_wconf 84' lang='lat' dir='ltr'>uoeubitus</span> <span class='ocrx_word' id='word_1_109' title='bbox 693 2492 792 2557; x_wconf 91' lang='lat' dir='ltr'>iniere</span> <span class='ocrx_word' id='word_1_110' title='bbox 816 2491 939 2558; x_wconf 89' lang='lat' dir='ltr'>sodales</span> 
     </span>
     <span class='ocr_line' id='line_1_18' title="bbox 208 2615 995 2701; baseline 0.003 -22"><span class='ocrx_word' id='word_1_111' title='bbox 208 2615 424 2698; x_wconf 89' lang='lat' dir='ltr'>Diuersasque</span> <span class='ocrx_word' id='word_1_112' title='bbox 448 2615 545 2701; x_wconf 87' lang='lat' dir='ltr'>dapes</span> <span class='ocrx_word' id='word_1_113' title='bbox 567 2615 670 2681; x_wconf 89' lang='lat' dir='ltr'>libens</span> <span class='ocrx_word' id='word_1_114' title='bbox 694 2617 829 2681; x_wconf 90' lang='lat' dir='ltr'>oonuiua</span> <span class='ocrx_word' id='word_1_115' title='bbox 851 2617 995 2682; x_wconf 90' lang='lat' dir='ltr'>resudat:</span> 
     </span>
     <span class='ocr_line' id='line_1_19' title="bbox 181 2727 949 2806; baseline 0.003 -2"><span class='ocrx_word' id='word_1_116' title='bbox 181 2727 182 2730; x_wconf 25' lang='lat'>¹</span> <span class='ocrx_word' id='word_1_117' title='bbox 208 2738 269 2804; x_wconf 91' lang='lat' dir='ltr'>His</span> <span class='ocrx_word' id='word_1_118' title='bbox 293 2743 325 2805; x_wconf 91' lang='lat' dir='ltr'>et</span> <span class='ocrx_word' id='word_1_119' title='bbox 348 2739 480 2806; x_wconf 87' lang='lat' dir='ltr'>sublatis</span> <span class='ocrx_word' id='word_1_120' title='bbox 505 2740 585 2806; x_wconf 88' lang='lat' dir='ltr'>aliae</span> <span class='ocrx_word' id='word_1_121' title='bbox 608 2741 787 2806; x_wconf 85' lang='lat' dir='ltr'>referuntur</span> <span class='ocrx_word' id='word_1_122' title='bbox 811 2740 949 2806; x_wconf 86' lang='lat' dir='ltr'>edendae</span> 
     </span>
     <span class='ocr_line' id='line_1_20' title="bbox 208 2863 1062 2948; baseline 0 -20"><span class='ocrx_word' id='word_1_123' title='bbox 208 2863 315 2948; x_wconf 90' lang='lat' dir='ltr'>Atque</span> <span class='ocrx_word' id='word_1_124' title='bbox 339 2863 528 2947; x_wconf 86' lang='lat' dir='ltr'>exquisitum</span> <span class='ocrx_word' id='word_1_125' title='bbox 553 2865 696 2930; x_wconf 84' lang='lat' dir='ltr'>feruebat</span> <span class='ocrx_word' id='word_1_126' title='bbox 719 2865 837 2947; x_wconf 88' lang='lat' dir='ltr'>migma</span> <span class='ocrx_word' id='word_1_127' title='bbox 861 2885 916 2948; x_wconf 93' lang='lat' dir='ltr'>per</span> <span class='ocrx_word' id='word_1_128' title='bbox 942 2884 1062 2930; x_wconf 85' lang='lat' dir='ltr'>aurum.</span> 
     </span>
     <span class='ocr_line' id='line_1_21' title="bbox 125 2986 1006 3073; baseline 0.005 -24"><span class='ocrx_word' id='word_1_129' title='bbox 125 2997 172 3053; x_wconf 85' lang='lat'>300</span> <span class='ocrx_word' id='word_1_130' title='bbox 210 2987 318 3054; x_wconf 87' lang='lat' dir='ltr'>Aurea</span> <span class='ocrx_word' id='word_1_131' title='bbox 341 2986 388 3053; x_wconf 87' lang='lat' dir='ltr'>bis</span> <span class='ocrx_word' id='word_1_132' title='bbox 413 3009 487 3054; x_wconf 90' lang='lat' dir='ltr'>seno</span> <span class='ocrx_word' id='word_1_133' title='bbox 511 2993 633 3053; x_wconf 87' lang='lat' dir='ltr'>tentum</span> <span class='ocrx_word' id='word_1_134' title='bbox 659 2992 745 3053; x_wconf 90' lang='lat' dir='ltr'>stant</span> <span class='ocrx_word' id='word_1_135' title='bbox 767 3007 905 3073; x_wconf 86' lang='lat' dir='ltr'>gausape</span> <span class='ocrx_word' id='word_1_136' title='bbox 929 3009 1006 3053; x_wconf 90' lang='lat' dir='ltr'>uasa</span> 
     </span>
     <span class='ocr_line' id='line_1_22' title="bbox 207 3109 963 3197; baseline 0.001 -21"><span class='ocrx_word' id='word_1_137' title='bbox 207 3109 252 3176; x_wconf 91' lang='lat' dir='ltr'>Et</span> <span class='ocrx_word' id='word_1_138' title='bbox 273 3113 486 3197; x_wconf 80' lang='lat' dir='ltr'>pigmentatae</span> <span class='ocrx_word' id='word_1_139' title='bbox 509 3117 646 3178; x_wconf 79' lang='lat' dir='ltr'>crateres</span> <span class='ocrx_word' id='word_1_140' title='bbox 670 3111 793 3178; x_wconf 88' lang='lat' dir='ltr'>Baohus</span> <span class='ocrx_word' id='word_1_141' title='bbox 817 3113 963 3177; x_wconf 89' lang='lat' dir='ltr'>adornat:</span> 
     </span>
    </p>
   </div>
   <div class='ocr_carea' id='block_1_5' title="bbox 125 3224 303 3237">
    <p class='ocr_par' dir='ltr' id='par_1_5' title="bbox 125 3224 303 3237">
     <span class='ocr_line' id='line_1_23' title="bbox 125 3224 303 3237; baseline 0.011 -2"><span class='ocrx_word' id='word_1_142' title='bbox 125 3224 303 3237; x_wconf 38' lang='lat'>*-</span> 
     </span>
    </p>
   </div>
   <div class='ocr_carea' id='block_1_6' title="bbox 122 3267 1184 4275">
    <p class='ocr_par' dir='ltr' id='par_1_6' title="bbox 122 3267 1184 4170">
     <span class='ocr_line' id='line_1_24' title="bbox 189 3267 1184 3341; baseline 0.002 -19"><span class='ocrx_word' id='word_1_143' title='bbox 189 3269 242 3322; x_wconf 92' lang='grc'>281</span> <span class='ocrx_word' id='word_1_144' title='bbox 261 3267 305 3322; x_wconf 87' lang='lat' dir='ltr'>hie</span> <span class='ocrx_word' id='word_1_145' title='bbox 324 3267 345 3322; x_wconf 84' lang='lat' dir='ltr'>O</span> <span class='ocrx_word' id='word_1_146' title='bbox 361 3270 366 3336; x_wconf 90' lang='grc' dir='ltr'>Ι</span> <span class='ocrx_word' id='word_1_147' title='bbox 382 3268 447 3338; x_wconf 88' lang='lat' dir='ltr'>quid</span> <span class='ocrx_word' id='word_1_148' title='bbox 466 3267 509 3324; x_wconf 80' lang='lat'>0?</span> <span class='ocrx_word' id='word_1_149' title='bbox 569 3270 622 3324; x_wconf 90' lang='grc'>283</span> <span class='ocrx_word' id='word_1_150' title='bbox 641 3269 806 3337; x_wconf 85' lang='lat' dir='ltr'>restringere</span> <span class='ocrx_word' id='word_1_151' title='bbox 824 3270 856 3341; x_wconf 76' lang='lat' dir='ltr'>pi</span> <span class='ocrx_word' id='word_1_152' title='bbox 875 3275 952 3324; x_wconf 78' lang='lat' dir='ltr'>utut</span> <span class='ocrx_word' id='word_1_153' title='bbox 971 3298 1003 3308; x_wconf 92' lang='lat'>—</span> <span class='ocrx_word' id='word_1_154' title='bbox 1023 3269 1184 3338; x_wconf 86' lang='lat' dir='ltr'>exstinguas</span> 
     </span>
     <span class='ocr_line' id='line_1_25' title="bbox 124 3364 1184 3441; baseline 0.007 -18"><span class='ocrx_word' id='word_1_155' title='bbox 124 3367 147 3423; x_wconf 89' lang='lat' dir='ltr'>H</span> <span class='ocrx_word' id='word_1_156' title='bbox 198 3374 252 3428; x_wconf 82' lang='grc'>285</span> <span class='ocrx_word' id='word_1_157' title='bbox 270 3379 369 3430; x_wconf 86' lang='lat' dir='ltr'>eunoto</span> <span class='ocrx_word' id='word_1_158' title='bbox 387 3374 413 3428; x_wconf 85' lang='lat' dir='ltr'><strong>A</strong></span> <span class='ocrx_word' id='word_1_159' title='bbox 468 3376 520 3430; x_wconf 88' lang='grc'>286</span> <span class='ocrx_word' id='word_1_160' title='bbox 538 3376 661 3430; x_wconf 88' lang='lat' dir='ltr'>TuueH</span> <span class='ocrx_word' id='word_1_161' title='bbox 702 3364 767 3430; x_wconf 92' lang='grc' dir='ltr'>Ι289</span> <span class='ocrx_word' id='word_1_162' title='bbox 787 3374 962 3441; x_wconf 68' lang='lat' dir='ltr'>sumtibuso</span> <span class='ocrx_word' id='word_1_163' title='bbox 1022 3376 1075 3430; x_wconf 88' lang='grc'>290</span> <span class='ocrx_word' id='word_1_164' title='bbox 1093 3377 1184 3430; x_wconf 89' lang='lat' dir='ltr'>Luxu-</span> 
     </span>
     <span class='ocr_line' id='line_1_26' title="bbox 122 3475 1182 3551; baseline 0.008 -23"><span class='ocrx_word' id='word_1_165' title='bbox 122 3475 191 3533; x_wconf 80' lang='lat' dir='ltr'>tione</span> <span class='ocrx_word' id='word_1_166' title='bbox 204 3478 296 3534; x_wconf 87' lang='lat' dir='ltr'>media</span> <span class='ocrx_word' id='word_1_167' title='bbox 313 3480 336 3534; x_wconf 93' lang='lat' dir='ltr'>B</span> <span class='ocrx_word' id='word_1_168' title='bbox 390 3481 441 3535; x_wconf 88' lang='grc'>291</span> <span class='ocrx_word' id='word_1_169' title='bbox 461 3480 616 3550; x_wconf 77' lang='lat' dir='ltr'>Ingreditur</span> <span class='ocrx_word' id='word_1_170' title='bbox 629 3483 693 3551; x_wconf 84' lang='lat' dir='ltr'>(que</span> <span class='ocrx_word' id='word_1_171' title='bbox 706 3485 767 3548; x_wconf 84' lang='lat' dir='ltr'>om.)</span> <span class='ocrx_word' id='word_1_172' title='bbox 786 3482 809 3536; x_wconf 90' lang='grc' dir='ltr'>Τ</span> <span class='ocrx_word' id='word_1_173' title='bbox 838 3495 842 3506; x_wconf 87' lang='grc'><strong>’</strong></span> <span class='ocrx_word' id='word_1_174' title='bbox 864 3475 917 3536; x_wconf 83' lang='grc'>292</span> <span class='ocrx_word' id='word_1_175' title='bbox 935 3481 1023 3536; x_wconf 83' lang='lat' dir='ltr'>Honos</span> <span class='ocrx_word' id='word_1_176' title='bbox 1039 3480 1065 3534; x_wconf 88' lang='lat' dir='ltr'>A</span> <span class='ocrx_word' id='word_1_177' title='bbox 1081 3482 1086 3549; x_wconf 81' lang='grc' dir='ltr'>Ι</span> <span class='ocrx_word' id='word_1_178' title='bbox 1102 3497 1182 3551; x_wconf 90' lang='lat' dir='ltr'>quem</span> 
     </span>
     <span class='ocr_line' id='line_1_27' title="bbox 123 3555 1183 3661; baseline 0.006 -24"><span class='ocrx_word' id='word_1_179' title='bbox 123 3595 193 3639; x_wconf 77' lang='lat' dir='ltr'>more</span> <span class='ocrx_word' id='word_1_180' title='bbox 219 3585 253 3656; x_wconf 64' lang='lat'>71</span> <span class='ocrx_word' id='word_1_181' title='bbox 323 3568 376 3640; x_wconf 75' lang='lat' dir='ltr'>aea</span> <span class='ocrx_word' id='word_1_182' title='bbox 403 3601 484 3656; x_wconf 79' lang='lat' dir='ltr'>quem</span> <span class='ocrx_word' id='word_1_183' title='bbox 510 3587 610 3642; x_wconf 72' lang='lat' dir='ltr'>auum</span> <span class='ocrx_word' id='word_1_184' title='bbox 632 3555 711 3657; x_wconf 79' lang='lat' dir='ltr'>&#39;quoe</span> <span class='ocrx_word' id='word_1_185' title='bbox 740 3587 812 3642; x_wconf 80' lang='lat' dir='ltr'>nee</span> <span class='ocrx_word' id='word_1_186' title='bbox 839 3590 843 3655; x_wconf 80' lang='grc' dir='ltr'>ι</span> <span class='ocrx_word' id='word_1_187' title='bbox 867 3586 958 3642; x_wconf 74' lang='lat' dir='ltr'>bissus</span> <span class='ocrx_word' id='word_1_188' title='bbox 981 3587 1100 3657; x_wconf 74' lang='lat' dir='ltr'>compos</span> <span class='ocrx_word' id='word_1_189' title='bbox 1126 3589 1183 3661; x_wconf 71' lang='lat' dir='ltr'>Hyl</span> 
     </span>
     <span class='ocr_line' id='line_1_28' title="bbox 123 3687 1183 3761; baseline 0.005 -18"><span class='ocrx_word' id='word_1_190' title='bbox 123 3687 171 3745; x_wconf 79' lang='lat'>295</span> <span class='ocrx_word' id='word_1_191' title='bbox 190 3691 322 3761; x_wconf 82' lang='lat' dir='ltr'>magister</span> <span class='ocrx_word' id='word_1_192' title='bbox 335 3691 359 3745; x_wconf 88' lang='lat' dir='ltr'>T</span> <span class='ocrx_word' id='word_1_193' title='bbox 413 3693 465 3747; x_wconf 82' lang='grc'>297</span> <span class='ocrx_word' id='word_1_194' title='bbox 484 3691 552 3748; x_wconf 87' lang='lat' dir='ltr'>libat</span> <span class='ocrx_word' id='word_1_195' title='bbox 564 3709 587 3748; x_wconf 90' lang='lat' dir='ltr'>e.</span> <span class='ocrx_word' id='word_1_196' title='bbox 601 3693 735 3748; x_wconf 86' lang='lat' dir='ltr'>resudans</span> <span class='ocrx_word' id='word_1_197' title='bbox 747 3693 760 3747; x_wconf 95' lang='lat' dir='ltr'>I</span> <span class='ocrx_word' id='word_1_198' title='bbox 814 3693 866 3747; x_wconf 90' lang='grc'>298</span> <span class='ocrx_word' id='word_1_199' title='bbox 885 3693 1008 3760; x_wconf 73' lang='lat' dir='ltr'>edensde</span> <span class='ocrx_word' id='word_1_200' title='bbox 1023 3697 1052 3759; x_wconf 91' lang='lat' dir='ltr'>(n</span> <span class='ocrx_word' id='word_1_201' title='bbox 1065 3714 1093 3749; x_wconf 79' lang='lat' dir='ltr'>eu</span> <span class='ocrx_word' id='word_1_202' title='bbox 1107 3697 1144 3760; x_wconf 92' lang='lat' dir='ltr'>m)</span> <span class='ocrx_word' id='word_1_203' title='bbox 1158 3693 1183 3748; x_wconf 87' lang='lat' dir='ltr'><strong>A</strong></span> 
     </span>
     <span class='ocr_line' id='line_1_29' title="bbox 122 3793 1182 3871; baseline 0.006 -24"><span class='ocrx_word' id='word_1_204' title='bbox 122 3793 170 3851; x_wconf 86' lang='grc'>299</span> <span class='ocrx_word' id='word_1_205' title='bbox 179 3795 269 3852; x_wconf 87' lang='lat' dir='ltr'>feruet</span> <span class='ocrx_word' id='word_1_206' title='bbox 277 3797 428 3866; x_wconf 87' lang='lat' dir='ltr'>pineemal</span> <span class='ocrx_word' id='word_1_207' title='bbox 445 3800 449 3865; x_wconf 92' lang='grc' dir='ltr'>Ι</span> <span class='ocrx_word' id='word_1_208' title='bbox 465 3799 583 3867; x_wconf 83' lang='lat' dir='ltr'>amigma</span> <span class='ocrx_word' id='word_1_209' title='bbox 596 3797 734 3871; x_wconf 74' lang='grc' dir='ltr'>(σμῆγμα)</span> <span class='ocrx_word' id='word_1_210' title='bbox 745 3799 849 3852; x_wconf 72' lang='lat' dir='ltr'>Fischer</span> <span class='ocrx_word' id='word_1_211' title='bbox 864 3800 869 3865; x_wconf 91' lang='grc' dir='ltr'>Ι</span> <span class='ocrx_word' id='word_1_212' title='bbox 886 3799 1012 3853; x_wconf 86' lang='lat' dir='ltr'>auramB</span> <span class='ocrx_word' id='word_1_213' title='bbox 1066 3801 1119 3853; x_wconf 90' lang='grc'>300</span> <span class='ocrx_word' id='word_1_214' title='bbox 1128 3799 1182 3854; x_wconf 83' lang='lat' dir='ltr'>bis·</span> 
     </span>
     <span class='ocr_line' id='line_1_30' title="bbox 122 3900 1182 3975; baseline 0.003 -20"><span class='ocrx_word' id='word_1_215' title='bbox 122 3900 178 3957; x_wconf 82' lang='lat' dir='ltr'>uiuo</span> <span class='ocrx_word' id='word_1_216' title='bbox 191 3903 235 3958; x_wconf 83' lang='lat' dir='ltr'>aD</span> <span class='ocrx_word' id='word_1_217' title='bbox 253 3901 358 3958; x_wconf 85' lang='lat' dir='ltr'>bissina</span> <span class='ocrx_word' id='word_1_218' title='bbox 375 3902 418 3958; x_wconf 90' lang='lat' dir='ltr'>Bb</span> <span class='ocrx_word' id='word_1_219' title='bbox 436 3901 479 3958; x_wconf 88' lang='lat' dir='ltr'>bis</span> <span class='ocrx_word' id='word_1_220' title='bbox 498 3919 565 3958; x_wconf 87' lang='lat' dir='ltr'>sena</span> <span class='ocrx_word' id='word_1_221' title='bbox 583 3904 607 3958; x_wconf 87' lang='lat' dir='ltr'>T</span> <span class='ocrx_word' id='word_1_222' title='bbox 624 3906 692 3975; x_wconf 77' lang='lat' dir='ltr'>sort.</span> <span class='ocrx_word' id='word_1_223' title='bbox 711 3911 777 3958; x_wconf 77' lang='lat' dir='ltr'>reete</span> <span class='ocrx_word' id='word_1_224' title='bbox 795 3901 799 3972; x_wconf 95' lang='grc' dir='ltr'>Ι</span> <span class='ocrx_word' id='word_1_225' title='bbox 823 3918 942 3973; x_wconf 84' lang='lat' dir='ltr'>eausape</span> <span class='ocrx_word' id='word_1_226' title='bbox 955 3905 991 3958; x_wconf 90' lang='lat' dir='ltr'>D¹</span> <span class='ocrx_word' id='word_1_227' title='bbox 1010 3918 1132 3974; x_wconf 82' lang='lat' dir='ltr'>gausape</span> <span class='ocrx_word' id='word_1_228' title='bbox 1143 3905 1182 3958; x_wconf 80' lang='lat' dir='ltr'>D³</span> 
     </span>
     <span class='ocr_line' id='line_1_31' title="bbox 122 4005 1179 4080; baseline 0.005 -20"><span class='ocrx_word' id='word_1_229' title='bbox 122 4005 170 4062; x_wconf 88' lang='grc'>301</span> <span class='ocrx_word' id='word_1_230' title='bbox 188 4011 375 4079; x_wconf 81' lang='lat' dir='ltr'>pigmentatae</span> <span class='ocrx_word' id='word_1_231' title='bbox 388 4009 459 4080; x_wconf 78' lang='lat' dir='ltr'>ADy</span> <span class='ocrx_word' id='word_1_232' title='bbox 477 4010 662 4080; x_wconf 82' lang='lat' dir='ltr'>pigmentatae</span> <span class='ocrx_word' id='word_1_233' title='bbox 674 4011 700 4063; x_wconf 92' lang='lat' dir='ltr'>H</span> <span class='ocrx_word' id='word_1_234' title='bbox 718 4009 903 4078; x_wconf 80' lang='lat' dir='ltr'>pigmentatae</span> <span class='ocrx_word' id='word_1_235' title='bbox 920 4009 962 4079; x_wconf 79' lang='grc'>01</span> <span class='ocrx_word' id='word_1_236' title='bbox 979 4014 1099 4066; x_wconf 79' lang='lat' dir='ltr'>crateras</span> <span class='ocrx_word' id='word_1_237' title='bbox 1111 4010 1179 4078; x_wconf 81' lang='lat' dir='ltr'>nn;</span> 
     </span>
     <span class='ocr_line' id='line_1_32' title="bbox 122 4109 506 4170; baseline 0.008 -3"><span class='ocrx_word' id='word_1_238' title='bbox 122 4109 221 4170; x_wconf 87' lang='lat' dir='ltr'>baohus</span> <span class='ocrx_word' id='word_1_239' title='bbox 239 4115 317 4170; x_wconf 88' lang='lat' dir='ltr'>ADT</span> <span class='ocrx_word' id='word_1_240' title='bbox 344 4113 465 4170; x_wconf 83' lang='lat' dir='ltr'>baoohue</span> <span class='ocrx_word' id='word_1_241' title='bbox 484 4117 506 4170; x_wconf 92' lang='lat' dir='ltr'>B</span> 
     </span>
    </p>

    <p class='ocr_par' dir='ltr' id='par_1_7' title="bbox 929 4221 967 4275">
     <span class='ocr_line' id='line_1_33' title="bbox 929 4221 967 4275; baseline 0 -19"><span class='ocrx_word' id='word_1_242' title='bbox 929 4221 967 4275; x_wconf 68' lang='lat'>2*</span> 
     </span>
    </p>
   </div>
   <div class='ocr_carea' id='block_1_7' title="bbox 0 0 1522 4914">
    <p class='ocr_par' dir='ltr' id='par_1_8' title="bbox 0 0 1522 4914">
     <span class='ocr_line' id='line_1_34' title="bbox 0 0 1522 4914; baseline 0 3"><span class='ocrx_word' id='word_1_243' title='bbox 0 0 1522 4914; x_wconf 95' lang='lat' dir='ltr'> </span> 
     </span>
    </p>
   </div>
  </div>
 </body>
</html>
