3036 4914
788 451 845 498 LVI

282 614 375 679 minis
398 612 530 696 gloriam
555 611 716 677 uindicare
741 610 828 677 uelle.
866 610 956 688 Quod
986 629 1055 674 cum
1080 629 1143 674 non
1167 608 1349 674 dubitarent

281 759 390 804 uerum
421 757 504 819 esse,
539 735 713 801 remedium
747 736 780 800 in
808 740 957 821 promptu
985 733 1142 800 habebant
1176 734 1347 819 repetitum

280 860 357 926 iliud
382 881 422 927 ex
445 861 618 926 hereditate
642 859 872 945 philologorum
898 859 1140 944 praeteritorum
1156 865 1348 945 temporum,

281 985 365 1070 quod
389 1005 489 1070 paene
512 984 610 1069 pudet
639 1004 803 1050 enarrare:
834 1003 947 1069 nempe
978 983 1055 1048 duos
1084 983 1181 1048 fuisse
1206 981 1349 1049 Waltba-

280 1109 344 1174 rios
373 1109 532 1175 finxerunt
561 1108 694 1174 alterum
717 1103 902 1174 Ekkebardi
931 1109 995 1173 iam
1025 1107 1238 1193 deperditum,
1269 1107 1349 1174 alte-

281 1255 350 1299 rum
385 1254 478 1318 quem
518 1233 664 1298 manibus
699 1235 830 1300 terimus
867 1229 1005 1297 Geraldi.
1052 1231 1160 1316 Neque
1200 1252 1350 1298 ueremur

281 1378 320 1424 ne
354 1358 424 1441 quis
460 1363 610 1443 prouocet
644 1358 683 1423 ad
720 1357 799 1423 alias
835 1356 1032 1422 narrationes
1062 1339 1132 1441 plus
1163 1357 1261 1422 semol
1292 1378 1350 1442 per

282 1481 419 1548 modium
444 1503 556 1548 aeuum
581 1487 732 1548 tractatas
757 1482 856 1548 ueluti
879 1481 917 1546 de
932 1480 1067 1567 Pyramo
1092 1487 1124 1546 ot
1147 1480 1278 1564 Thisbe,
1310 1481 1349 1546 de

281 1612 461 1672 sanctorum
486 1607 576 1688 uitis,
601 1607 651 1672 uel
676 1608 770 1672 etiam
796 1607 833 1672 ad
859 1605 1033 1672 Catoniana
1057 1611 1241 1691 praecepta:
1273 1627 1350 1671 nam

281 1731 358 1796 haec
381 1731 413 1795 in
437 1731 551 1796 scholis
576 1737 670 1816 atque
698 1731 730 1796 in
761 1731 892 1797 ecclesia
921 1729 1128 1796 audiebantur
1157 1750 1215 1816 per
1245 1736 1349 1796 totum

281 1856 388 1922 orbem
419 1855 468 1920 uel
498 1856 529 1921 in
561 1856 666 1921 triuiis
696 1856 866 1923 cantabant
888 1855 1073 1936 histriones3
1105 1852 1273 1920 Waltbarii
1300 1855 1350 1921 fa-

281 2001 366 2045 mam
390 1980 521 2063 singulis
551 1985 672 2046 tantum
697 1981 774 2046 locis
800 1980 976 2046 accuratius
1006 1978 1251 2066 persequebatur
1278 1978 1350 2044 uul-

282 2127 339 2189 gus
364 2126 464 2190 neque
493 2106 597 2190 potuit
627 2105 710 2190 fieri,
740 2111 775 2170 ut
797 2105 881 2171 intra
909 2105 1003 2171 breue
1028 2105 1166 2190 spatium
1195 2090 1350 2191 temporis

281 2230 388 2315 plures
416 2231 449 2295 iu
478 2251 567 2295 suum
599 2251 689 2295 usum
719 2251 787 2295 eam
817 2235 1045 2295 concertarent.
1085 2230 1217 2295 Accedit
1245 2249 1349 2294 sermo

282 2350 454 2441 prologi*):
485 2359 636 2437 quantum
660 2354 711 2418 hio
734 2355 854 2420 recedit
877 2354 915 2419 ab
940 2374 1084 2420 sermone
1108 2355 1206 2440 ipsius
1234 2355 1350 2420 carmi-

282 2479 347 2562 nib,
376 2483 497 2543 tanturn
522 2477 600 2542 illud
626 2499 723 2564 prope
747 2480 867 2546 accedit
890 2478 928 2545 ad
953 2499 1043 2544 usum
1069 2480 1275 2544 domesticum
1301 2478 1349 2545 Sti

283 2602 383 2669 Galli:
408 2604 483 2686 quin
508 2604 603 2668 etiam
628 2604 660 2669 in
684 2605 762 2690 ipsis
779 2603 911 2670 Casibus
928 2604 1080 2688 quaedam
1105 2604 1252 2686 leguntur
1268 2624 1349 2688 qnae

283 2750 321 2794 ex
345 2729 484 2794 carmine
508 2727 632 2793 sublata
663 2728 796 2793 dixeris:
826 2729 914 2795 uelut
944 2730 1073 2812 120‚23
1095 2730 1195 2814 fama
1222 2731 1347 2812 catana,

285 2853 359 2936 145,
376 2853 418 2917 52
442 2856 480 2918 dc
494 2866 583 2918 cocae
596 2854 717 2941 sapam
739 2857 823 2936 iniat,
849 2855 923 2938 146,
937 2855 979 2918 32
1004 2879 1054 2920 eoa
1071 2855 1237 2945 letificabo,
1263 2855 1345 2935 85‚l

283 2982 435 3046 cocciaco
466 2981 643 3070 letificaret,
682 2980 756 3060 110,
768 2978 810 3042 35
835 2983 892 3064 qai
912 2981 1042 3045 illoram
1068 3003 1169 3045 moras
1192 2984 1228 3045 io
1250 2984 1347 3046 abacia

282 3109 349 3171 iam
375 3119 493 3186 noscet,
534 3105 587 3188 79,
603 3105 643 3168 12
673 3105 794 3169 bomini
823 3105 918 3169 uelud
953 3128 1022 3168 caat
1048 3105 1187 3189 fortuna
1217 3106 1346 3186 ludenti,

284 3274 494 3282 m—-vv-

355 3364 383 3431 i⁶)
412 3365 583 3422 Simiitimam
611 3367 696 3422 babes
724 3367 752 3421 in
780 3367 905 3423 uorsibus
933 3369 1032 3438 quibus
1060 3368 1210 3424 monachus
1237 3369 1346 3438 quidam

285 3489 305 3527 s.
319 3473 358 3527 XI
377 3473 494 3527 Henrico
513 3474 539 3528 II
558 3475 715 3544 imperatori
735 3474 859 3544 Gregorii
882 3475 1105 3530 commentarium
1130 3475 1158 3529 in
1177 3475 1346 3530 Ezechielem

284 3579 394 3633 dedicat
413 3578 491 3644 (Ood.
504 3580 650 3650 Bamberg.
665 3583 687 3636 B
702 3583 739 3636 lV
755 3584 786 3636 ll
802 3599 827 3635 n.
842 3583 894 3636 595
906 3583 1030 3646 Jaeck.):

444 3687 536 3741 Preaat
554 3688 697 3758 Greyortua
714 3697 816 3759 septeno
833 3697 967 3760 pneumate
983 3692 1071 3758 plenus

446 3792 588 3847 Obscurum
608 3802 691 3848 uatem
710 3797 834 3849 dilucidat
852 3795 1017 3849 Ezechielem.

447 3898 546 3953 Caesar
564 3919 623 3954 aare
642 3902 687 3954 deo
707 3902 842 3972 dipaanter
859 3909 960 3970 suscipe
977 3921 1070 3972 quaeso

445 4004 503 4058 Hoc
521 4007 645 4059 modicam
666 4026 761 4071 munus,
781 4009 849 4078 qaod
866 4007 911 4060 dat
929 4007 975 4060 tibi
991 4027 1093 4077 pauper
1110 4013 1206 4060 amicae
1228 4047 1233 4056 .

446 4109 552 4168 Pectore
568 4119 715 4188 sinceroque
733 4115 792 4166 colit
810 4119 833 4165 te
853 4113 934 4168 indice
953 4113 1055 4168 cbrr'oto.
