3022 4920
710 472 754 535 70

306 654 468 718 Exousare
491 652 612 735 nequis,
637 650 713 734 quin
738 669 786 714 me
810 654 885 713 tuno
909 645 1003 712 affore
1027 665 1144 711 nosses.

197 795 267 849 1270
308 777 404 844 Cuius
429 777 456 841 si
478 776 575 842 facies
597 775 700 857 latuit,
724 780 831 841 tamen
855 791 944 836 arma
968 770 1095 836 uidebas

308 903 391 967 Nota
415 901 491 966 satis
515 900 687 983 habituque
710 899 814 962 uirum
838 897 953 962 resoire
977 895 1107 961 ualeres.

308 1025 420 1102 Cetera
443 1025 507 1090 fors
531 1024 668 1106 tulerim,
693 1023 719 1088 si
744 1022 794 1088 uel
818 1021 907 1087 dolor
929 1040 1011 1086 unus
1035 1019 1172 1084 abesset:

308 1150 407 1217 Uniee
431 1150 514 1216 enim
538 1169 645 1214 earum
670 1148 797 1212 rutilum
823 1146 973 1212 blandum
997 1145 1169 1230 pretiosum

311 1273 466 1360 Carpsisti
489 1273 597 1343 florem
623 1272 780 1338 mucronis
804 1270 884 1336 saluo
908 1270 1068 1336 tenellum.

201 1415 271 1469 1275
313 1399 399 1464 Haeo
421 1419 472 1464 res
496 1404 544 1464 est
566 1402 692 1484 paetum
717 1416 778 1480 qua
801 1395 934 1461 irritasti
959 1395 1044 1480 prior
1068 1393 1183 1458 almum

310 1523 486 1607 Iooirooque
510 1542 621 1605 gazam
646 1521 738 1605 oupio
763 1540 820 1605 pro
844 1518 969 1584 foedere
992 1516 1121 1582 nullam.

310 1647 399 1714 Sitne
422 1647 481 1713 tibi
505 1647 562 1712 soli
587 1646 687 1710 uirtus
713 1644 783 1709 uolo
807 1644 926 1710 discere
950 1643 983 1706 in
1007 1642 1114 1724 armis,

310 1771 418 1858 Deque
442 1774 504 1839 tuis
527 1771 672 1837 manibus
696 1769 823 1835 eaedem
848 1767 996 1852 perquiro
1020 1766 1153 1852 nepotis.

234 1873 238 1882 ’
310 1897 359 1964 En
376 1895 443 1984 'aut'
462 1901 576 1983 oppeto
601 1896 667 1960 siue
693 1893 810 1976 aliquid
835 1891 1040 1958 memorabile
1063 1888 1158 1956 faxo.²

202 2039 271 2093 1280
358 2022 450 2088 Dixit
473 2028 505 2088 et
528 2043 546 2086 a
569 2027 656 2102 tergo
680 2018 762 2083 saltu
785 2038 819 2082 se
842 2018 916 2083 iecit
939 2017 1062 2100 equino,

233 2205 237 2212 .
311 2147 378 2214 Hoo
402 2151 434 2213 et
458 2144 651 2212 Guntharius
675 2162 732 2208 neo
756 2143 881 2224 segnior
905 2149 1012 2225 egerat
1034 2141 1126 2207 heros

311 2271 515 2354 Waltharius,
539 2271 644 2336 euneti
667 2268 789 2354 pedites
812 2267 929 2333 bellare
953 2269 1066 2353 parati.

312 2397 425 2464 Stabat
448 2397 579 2482 quisque
604 2415 639 2460 ao
662 2399 795 2459 uenturo
819 2414 852 2458 se
876 2393 1027 2478 prouidus
1051 2393 1115 2458 ietu

312 2521 525 2588 Praestruxit:
549 2519 710 2606 trepidant
734 2518 791 2585 sub
816 2517 908 2603 peltis
933 2518 1047 2582 martia
1069 2517 1225 2584 membra:

203 2663 271 2716 1285
358 2646 445 2712 Ηο11
468 2646 604 2713 seeunda
626 2645 686 2709 fuit
710 2664 772 2728 qua
795 2650 859 2709 tres
882 2644 914 2708 hi
939 2643 1193 2730 eongrodiuntur‚

311 2771 490 2836 Aduersum
515 2769 615 2834 solum
640 2769 822 2853 conspirant
845 2789 934 2834 arma
957 2769 1100 2834 duorum.

313 2893 438 2960 Primus
463 2894 653 2976 muligenam
677 2893 814 2958 oolleotis
838 2894 959 2959 uiribus
983 2895 1108 2960 hastam

313 3019 440 3086 Direxit
463 3017 594 3100 Hagano
619 3017 747 3103 dirupta
770 3037 855 3102 paee.
892 3019 947 3084 sed
970 3019 1058 3084 illam

275 3195 344 3248 1270
369 3197 399 3246 tii
423 3197 515 3266 (musy.
538 3195 594 3247 tani
618 3197 642 3259 r)
670 3193 695 3246 A
770 3195 837 3248 1271
865 3194 971 3247 ualeres
1000 3194 1042 3248 uD
1079 3192 1192 3248 uolebas
1220 3192 1268 3246 BT

205 3301 273 3355 1272
301 3299 353 3354 nisi
380 3301 424 3354 uel
452 3300 479 3354 d.
502 3315 528 3354 u.
557 3299 667 3354 adesset
693 3301 719 3354 D
793 3301 861 3354 1273
889 3299 1003 3354 Unieum
1032 3301 1057 3354 D
1082 3299 1087 3370 Ι
1111 3298 1268 3353 eharumT

204 3407 274 3461 1275
292 3421 347 3474 qua
365 3406 444 3475 irrit]
462 3421 533 3475 quae
551 3406 688 3460 destruxit
706 3407 728 3460 B
745 3409 750 3474 1
766 3407 830 3475 qua]
850 3407 914 3474 quie
932 3407 955 3460 T
1012 3407 1080 3461 1276
1098 3405 1200 3460 Ieeireo
1219 3405 1268 3458 AB

203 3513 260 3568 lde.
280 3520 356 3567 ceteri
376 3522 380 3580 ι
401 3528 454 3582 que
473 3532 521 3566 om.
541 3513 563 3565 B
587 3514 590 3580 t
612 3498 709 3581 gdzam
728 3512 754 3566 A
772 3512 871 3581 gaham
892 3512 987 3566 Melior
1002 3515 1006 3580 i
1023 3513 1102 3582 cupio
1121 3511 1170 3565 AB
1190 3512 1269 3582 eapio

204 3627 281 3675 cetera·
351 3621 419 3674 1279
444 3620 486 3673 En
511 3625 559 3673 aut
583 3618 731 3674 suoeumbo
757 3618 858 3688 aliquid
883 3635 918 3673 m.
935 3617 954 3672 f.
979 3621 1096 3683 (alterum
1119 3623 1168 3674 aut
1191 3621 1270 3686 deest)

204 3725 229 3779 D
246 3726 250 3793 Ι
266 3725 366 3780 Enauit
385 3726 402 3781 b
421 3726 446 3792 (7
463 3734 580 3794 suspicor
598 3725 718 3779 Enad:
730 3725 772 3779 En
792 3728 859 3790 aut).
916 3726 983 3779 1281
1004 3724 1049 3779 811
1068 3730 1095 3780 et
1113 3726 1137 3779 Τ
1155 3725 1159 3791 Ι
1174 3717 1270 3794 segnid

205 3836 260 3904 (pr.
279 3849 292 3885 r
310 3835 354 3900 ss.)
373 3833 397 3886 Τ
463 3833 531 3886 1282
549 3831 645 3888 Waltr’
665 3831 686 3886 0
755 3833 823 3886 1284
841 3831 1020 3886 Praestrinxit
1038 3831 1201 3900 Btmenbra
1219 3832 1269 3886 DB

205 3939 275 3994 1285
294 3928 342 3992 §da
359 3941 414 4010 (pr.
428 3940 541 4005 corr.)B
558 3940 562 4008 Ι
578 3938 606 3992 hi
625 3944 680 3992 tres
699 3937 728 4004 (b
741 3954 758 3992 a
769 3957 802 3992 so.
814 3941 867 4008 pr.)
886 3938 911 3991 D
968 3940 1036 3993 1288
1054 3938 1210 3993 Aduersum
1225 3939 1270 3992 oD

204 4044 347 4100 Aduersus
360 4046 408 4100 BT
465 4046 531 4100 1287
552 4045 714 4114 maligenam
735 4067 752 4099 α
778 4044 962 4112 malignamD
985 4045 1144 4114 maligeram
1163 4045 1210 4099 BT
1235 4060 1271 4100 en

206 4153 334 4222 aligeram
353 4151 473 4206 Meritus
529 4152 598 4206 1288
616 4151 739 4220 disrupta
758 4172 776 4223 y
792 4153 796 4218 Ι
813 4149 870 4219 sed]
891 4165 919 4220 s·;·
940 4151 965 4204 A
