<?xml version="1.0" encoding="UTF-8"?>
<!DOCTYPE html PUBLIC "-//W3C//DTD XHTML 1.0 Transitional//EN"
    "http://www.w3.org/TR/xhtml1/DTD/xhtml1-transitional.dtd">
<html xmlns="http://www.w3.org/1999/xhtml" xml:lang="en" lang="en">
 <head>
  <title>
</title>
<meta http-equiv="Content-Type" content="text/html;charset=utf-8" />
  <meta name='ocr-system' content='tesseract 3.04.00' />
  <meta name='ocr-capabilities' content='ocr_page ocr_carea ocr_par ocr_line ocrx_word'/>
</head>
<body>
  <div class='ocr_page' id='page_1' title='image "./ekkehardiprimiw00ekkegoog_0065.png"; bbox 0 0 3036 4914; ppageno 0'>
   <div class='ocr_carea' id='block_1_1' title="bbox 813 457 894 504">
    <p class='ocr_par' dir='ltr' id='par_1_1' title="bbox 813 457 894 504">
     <span class='ocr_line' id='line_1_1' title="bbox 813 457 894 504; baseline 0 0"><span class='ocrx_word' id='word_1_1' title='bbox 813 457 894 504; x_wconf 72' lang='lat' dir='ltr'>evm</span> 
     </span>
    </p>
   </div>
   <div class='ocr_carea' id='block_1_2' title="bbox 321 615 1383 702">
    <p class='ocr_par' dir='ltr' id='par_1_2' title="bbox 321 615 1383 702">
     <span class='ocr_line' id='line_1_2' title="bbox 321 615 1383 702; baseline 0.001 -20"><span class='ocrx_word' id='word_1_2' title='bbox 321 636 390 682; x_wconf 91' lang='lat' dir='ltr'>esse</span> <span class='ocrx_word' id='word_1_3' title='bbox 414 615 592 700; x_wconf 78' lang='lat' dir='ltr'>putauerim</span> <span class='ocrx_word' id='word_1_4' title='bbox 617 637 710 701; x_wconf 85' lang='lat' dir='ltr'>quum</span> <span class='ocrx_word' id='word_1_5' title='bbox 735 623 881 701; x_wconf 84' lang='lat' dir='ltr'>quartum</span> <span class='ocrx_word' id='word_1_6' title='bbox 905 616 1140 682; x_wconf 88' lang='lat' dir='ltr'>Ekkeherdum.</span> <span class='ocrx_word' id='word_1_7' title='bbox 1180 617 1285 702; x_wconf 80' lang='lat' dir='ltr'><strong>Atque</strong></span> <span class='ocrx_word' id='word_1_8' title='bbox 1300 637 1383 683; x_wconf 56' lang='lat' dir='ltr'>&gt;cnm</span> 
     </span>
    </p>
   </div>
   <div class='ocr_carea' id='block_1_3' title="bbox 321 741 1503 830">
    <p class='ocr_par' dir='ltr' id='par_1_3' title="bbox 321 741 1503 830">
     <span class='ocr_line' id='line_1_3' title="bbox 321 741 1503 830; baseline 0.002 -25"><span class='ocrx_word' id='word_1_9' title='bbox 321 741 383 806; x_wconf 85' lang='lat' dir='ltr'>trio</span> <span class='ocrx_word' id='word_1_10' title='bbox 413 744 557 806; x_wconf 88' lang='lat' dir='ltr'>constent</span> <span class='ocrx_word' id='word_1_11' title='bbox 584 761 701 824; x_wconf 79' lang='lat' dir='ltr'>genens</span> <span class='ocrx_word' id='word_1_12' title='bbox 735 747 916 825; x_wconf 85' lang='lat' dir='ltr'>contextus,</span> <span class='ocrx_word' id='word_1_13' title='bbox 952 762 1084 826; x_wconf 90' lang='lat' dir='ltr'>qnorum</span> <span class='ocrx_word' id='word_1_14' title='bbox 1120 762 1160 807; x_wconf 88' lang='lat' dir='ltr'>ex</span> <span class='ocrx_word' id='word_1_15' title='bbox 1193 761 1255 807; x_wconf 92' lang='lat' dir='ltr'>uno</span> <span class='ocrx_word' id='word_1_16' title='bbox 1291 747 1385 826; x_wconf 83' lang='lat' dir='ltr'>etque</span> <span class='ocrx_word' id='word_1_17' title='bbox 1502 823 1503 830; x_wconf 6' lang='grc' dir='ltr'>ἵ</span> 
     </span>
    </p>
   </div>
   <div class='ocr_carea' id='block_1_4' title="bbox 322 831 1503 949">
    <p class='ocr_par' dir='ltr' id='par_1_4' title="bbox 322 831 1503 949">
     <span class='ocr_line' id='line_1_4' title="bbox 322 831 1503 949; baseline 0 -19"><span class='ocrx_word' id='word_1_18' title='bbox 322 864 542 949; x_wconf 86' lang='lat' dir='ltr'>antiquissimo</span> <span class='ocrx_word' id='word_1_19' title='bbox 567 865 699 932; x_wconf 79' lang='lat' dir='ltr'>alterum</span> <span class='ocrx_word' id='word_1_20' title='bbox 724 874 756 933; x_wconf 91' lang='lat' dir='ltr'>et</span> <span class='ocrx_word' id='word_1_21' title='bbox 778 866 905 933; x_wconf 90' lang='lat' dir='ltr'>tertium</span> <span class='ocrx_word' id='word_1_22' title='bbox 923 867 1076 949; x_wconf 81' lang='lat' dir='ltr'>originem</span> <span class='ocrx_word' id='word_1_23' title='bbox 1093 871 1269 948; x_wconf 82' lang='lat' dir='ltr'>traxerunt,</span> <span class='ocrx_word' id='word_1_24' title='bbox 1292 863 1394 930; x_wconf 84' lang='lat' dir='ltr'>facile</span> <span class='ocrx_word' id='word_1_25' title='bbox 1502 831 1503 890; x_wconf 11' lang='grc' dir='ltr'>ᾗ</span> 
     </span>
    </p>
   </div>
   <div class='ocr_carea' id='block_1_5' title="bbox 322 989 1503 1077">
    <p class='ocr_par' dir='ltr' id='par_1_5' title="bbox 322 989 1503 1077">
     <span class='ocr_line' id='line_1_5' title="bbox 322 989 1503 1077; baseline 0.001 -23"><span class='ocrx_word' id='word_1_26' title='bbox 322 989 391 1073; x_wconf 92' lang='lat' dir='ltr'>quis</span> <span class='ocrx_word' id='word_1_27' title='bbox 414 989 448 1055; x_wconf 93' lang='lat' dir='ltr'>in</span> <span class='ocrx_word' id='word_1_28' title='bbox 471 991 681 1076; x_wconf 81' lang='lat' dir='ltr'>suspicionem</span> <span class='ocrx_word' id='word_1_29' title='bbox 706 992 807 1077; x_wconf 81' lang='lat' dir='ltr'><strong>possit</strong></span> <span class='ocrx_word' id='word_1_30' title='bbox 824 991 937 1057; x_wconf 79' lang='lat' dir='ltr'>adduci</span> <span class='ocrx_word' id='word_1_31' title='bbox 954 991 1091 1076; x_wconf 86' lang='lat' dir='ltr'>primum</span> <span class='ocrx_word' id='word_1_32' title='bbox 1115 1017 1137 1056; x_wconf 84' lang='grc' dir='ltr'><strong><em>α</em></strong></span> <span class='ocrx_word' id='word_1_33' title='bbox 1161 990 1261 1076; x_wconf 88' lang='lat' dir='ltr'>ipsius</span> <span class='ocrx_word' id='word_1_34' title='bbox 1277 994 1385 1055; x_wconf 83' lang='lat' dir='ltr'>ancto-</span> <span class='ocrx_word' id='word_1_35' title='bbox 1502 1025 1503 1076; x_wconf 78' lang='lat'>3</span> 
     </span>
    </p>
   </div>
   <div class='ocr_carea' id='block_1_6' title="bbox 284 1105 1388 1949">
    <p class='ocr_par' dir='ltr' id='par_1_6' title="bbox 284 1105 1388 1949">
     <span class='ocr_line' id='line_1_6' title="bbox 321 1105 1386 1202; baseline 0 -24"><span class='ocrx_word' id='word_1_36' title='bbox 321 1114 365 1179; x_wconf 87' lang='lat' dir='ltr'>ris</span> <span class='ocrx_word' id='word_1_37' title='bbox 380 1113 564 1180; x_wconf 87' lang='lat' dir='ltr'>Ekkehardi</span> <span class='ocrx_word' id='word_1_38' title='bbox 582 1115 678 1201; x_wconf 91' lang='lat' dir='ltr'>primi</span> <span class='ocrx_word' id='word_1_39' title='bbox 701 1136 769 1182; x_wconf 89' lang='lat' dir='ltr'>esse</span> <span class='ocrx_word' id='word_1_40' title='bbox 794 1136 882 1202; x_wconf 86' lang='lat' dir='ltr'>opus,</span> <span class='ocrx_word' id='word_1_41' title='bbox 906 1105 1108 1182; x_wconf 80' lang='lat' dir='ltr'>lidrcriorom</span> <span class='ocrx_word' id='word_1_42' title='bbox 1131 1115 1218 1180; x_wconf 90' lang='lat' dir='ltr'>uitiis</span> <span class='ocrx_word' id='word_1_43' title='bbox 1242 1113 1386 1200; x_wconf 86' lang='lat' dir='ltr'>eliquen-</span> 
     </span>
     <span class='ocr_line' id='line_1_7' title="bbox 321 1239 1386 1327; baseline 0.001 -24"><span class='ocrx_word' id='word_1_44' title='bbox 321 1246 387 1304; x_wconf 91' lang='lat' dir='ltr'>tum</span> <span class='ocrx_word' id='word_1_45' title='bbox 417 1239 577 1324; x_wconf 86' lang='lat' dir='ltr'>infectum,</span> <span class='ocrx_word' id='word_1_46' title='bbox 608 1239 740 1306; x_wconf 79' lang='lat' dir='ltr'>alterum</span> <span class='ocrx_word' id='word_1_47' title='bbox 767 1239 994 1327; x_wconf 71' lang='lat' dir='ltr'>ssEkkelnsrdi</span> <span class='ocrx_word' id='word_1_48' title='bbox 1027 1240 1130 1324; x_wconf 83' lang='lat' dir='ltr'>quarti</span> <span class='ocrx_word' id='word_1_49' title='bbox 1159 1239 1386 1322; x_wconf 78' lang='lat' dir='ltr'>recensionem,</span> 
     </span>
     <span class='ocr_line' id='line_1_8' title="bbox 321 1363 1388 1448; baseline 0.001 -20"><span class='ocrx_word' id='word_1_50' title='bbox 321 1364 448 1429; x_wconf 83' lang='lat' dir='ltr'>tertium</span> <span class='ocrx_word' id='word_1_51' title='bbox 473 1364 607 1448; x_wconf 90' lang='lat' dir='ltr'>denique</span> <span class='ocrx_word' id='word_1_52' title='bbox 631 1366 777 1431; x_wconf 78' lang='lat' dir='ltr'>accedere</span> <span class='ocrx_word' id='word_1_53' title='bbox 799 1389 819 1447; x_wconf 74' lang='grc' dir='ltr'><em>γ</em></span> <span class='ocrx_word' id='word_1_54' title='bbox 838 1363 976 1432; x_wconf 86' lang='lat' dir='ltr'>Gcrcldi.</span> <span class='ocrx_word' id='word_1_55' title='bbox 1000 1365 1116 1432; x_wconf 90' lang='lat' dir='ltr'>Verum</span> <span class='ocrx_word' id='word_1_56' title='bbox 1142 1364 1304 1430; x_wconf 90' lang='lat' dir='ltr'>enimuero</span> <span class='ocrx_word' id='word_1_57' title='bbox 1328 1363 1388 1429; x_wconf 90' lang='lat' dir='ltr'>hcc</span> 
     </span>
     <span class='ocr_line' id='line_1_9' title="bbox 322 1487 1386 1575; baseline 0.001 -22"><span class='ocrx_word' id='word_1_58' title='bbox 322 1489 488 1572; x_wconf 90' lang='lat' dir='ltr'>quominus</span> <span class='ocrx_word' id='word_1_59' title='bbox 517 1489 685 1574; x_wconf 85' lang='lat' dir='ltr'>probemus</span> <span class='ocrx_word' id='word_1_60' title='bbox 714 1490 860 1575; x_wconf 89' lang='lat' dir='ltr'>prohibet</span> <span class='ocrx_word' id='word_1_61' title='bbox 893 1491 1084 1558; x_wconf 83' lang='lat' dir='ltr'>recensionis</span> <span class='ocrx_word' id='word_1_62' title='bbox 1119 1495 1141 1575; x_wconf 78' lang='grc' dir='ltr'>β</span> <span class='ocrx_word' id='word_1_63' title='bbox 1173 1487 1258 1570; x_wconf 90' lang='lat' dir='ltr'><strong>(DL)</strong></span> <span class='ocrx_word' id='word_1_64' title='bbox 1292 1489 1386 1572; x_wconf 82' lang='lat' dir='ltr'>ratio,</span> 
     </span>
     <span class='ocr_line' id='line_1_10' title="bbox 322 1613 1387 1700; baseline 0.002 -23"><span class='ocrx_word' id='word_1_65' title='bbox 322 1633 402 1698; x_wconf 85' lang='lat' dir='ltr'>quse</span> <span class='ocrx_word' id='word_1_66' title='bbox 425 1613 458 1677; x_wconf 92' lang='lat' dir='ltr'>in</span> <span class='ocrx_word' id='word_1_67' title='bbox 482 1633 518 1678; x_wconf 90' lang='lat' dir='ltr'>co</span> <span class='ocrx_word' id='word_1_68' title='bbox 543 1614 680 1680; x_wconf 82' lang='lat' dir='ltr'>maxime</span> <span class='ocrx_word' id='word_1_69' title='bbox 703 1615 858 1699; x_wconf 77' lang='lat' dir='ltr'>consistit,</span> <span class='ocrx_word' id='word_1_70' title='bbox 883 1621 918 1681; x_wconf 92' lang='lat' dir='ltr'>ut</span> <span class='ocrx_word' id='word_1_71' title='bbox 940 1635 1020 1700; x_wconf 83' lang='lat' dir='ltr'>quae</span> <span class='ocrx_word' id='word_1_72' title='bbox 1043 1615 1148 1681; x_wconf 91' lang='lat' dir='ltr'>minus</span> <span class='ocrx_word' id='word_1_73' title='bbox 1171 1620 1257 1680; x_wconf 85' lang='lat' dir='ltr'>tersa</span> <span class='ocrx_word' id='word_1_74' title='bbox 1280 1620 1387 1680; x_wconf 89' lang='lat' dir='ltr'>essent</span> 
     </span>
     <span class='ocr_line' id='line_1_11' title="bbox 284 1736 1387 1825; baseline 0.002 -22"><span class='ocrx_word' id='word_1_75' title='bbox 284 1777 286 1782; x_wconf 67' lang='lat'>,</span> <span class='ocrx_word' id='word_1_76' title='bbox 321 1738 354 1803; x_wconf 93' lang='lat' dir='ltr'>in</span> <span class='ocrx_word' id='word_1_77' title='bbox 389 1736 462 1803; x_wconf 92' lang='lat' dir='ltr'>stilo</span> <span class='ocrx_word' id='word_1_78' title='bbox 497 1740 649 1822; x_wconf 78' lang='lat' dir='ltr'>auctoris,</span> <span class='ocrx_word' id='word_1_79' title='bbox 681 1746 833 1806; x_wconf 88' lang='lat' dir='ltr'>ornentur</span> <span class='ocrx_word' id='word_1_80' title='bbox 869 1760 963 1825; x_wconf 86' lang='lat' dir='ltr'>quam</span> <span class='ocrx_word' id='word_1_81' title='bbox 997 1740 1136 1806; x_wconf 77' lang='lat' dir='ltr'>monime</span> <span class='ocrx_word' id='word_1_82' title='bbox 1171 1744 1202 1806; x_wconf 87' lang='lat' dir='ltr'>et</span> <span class='ocrx_word' id='word_1_83' title='bbox 1235 1739 1387 1805; x_wconf 87' lang='lat' dir='ltr'>limentur</span> 
     </span>
     <span class='ocr_line' id='line_1_12' title="bbox 322 1861 1385 1949; baseline 0.002 -22"><span class='ocrx_word' id='word_1_84' title='bbox 322 1861 451 1949; x_wconf 91' lang='lat' dir='ltr'>politius</span> <span class='ocrx_word' id='word_1_85' title='bbox 490 1863 530 1928; x_wconf 87' lang='lat' dir='ltr'>cd</span> <span class='ocrx_word' id='word_1_86' title='bbox 565 1863 731 1946; x_wconf 83' lang='lat' dir='ltr'>uergilioni</span> <span class='ocrx_word' id='word_1_87' title='bbox 765 1865 816 1931; x_wconf 91' lang='lat' dir='ltr'>uel</span> <span class='ocrx_word' id='word_1_88' title='bbox 844 1865 937 1931; x_wconf 85' lang='lat' dir='ltr'>metri</span> <span class='ocrx_word' id='word_1_89' title='bbox 967 1864 1017 1930; x_wconf 90' lang='lat' dir='ltr'>uel</span> <span class='ocrx_word' id='word_1_90' title='bbox 1047 1865 1201 1930; x_wconf 89' lang='lat' dir='ltr'>sermonis</span> <span class='ocrx_word' id='word_1_91' title='bbox 1231 1883 1385 1930; x_wconf 83' lang='lat' dir='ltr'>normam.</span> 
     </span>
    </p>
   </div>
   <div class='ocr_carea' id='block_1_7' title="bbox 322 1985 1502 2075">
    <p class='ocr_par' dir='ltr' id='par_1_7' title="bbox 322 1985 1502 2075">
     <span class='ocr_line' id='line_1_13' title="bbox 322 1985 1502 2075; baseline 0.003 -24"><span class='ocrx_word' id='word_1_92' title='bbox 322 1985 443 2052; x_wconf 87' lang='lat' dir='ltr'>Horum</span> <span class='ocrx_word' id='word_1_93' title='bbox 472 1987 681 2054; x_wconf 85' lang='lat' dir='ltr'>mutationum</span> <span class='ocrx_word' id='word_1_94' title='bbox 712 1990 854 2074; x_wconf 86' lang='lat' dir='ltr'>quisquis</span> <span class='ocrx_word' id='word_1_95' title='bbox 884 1995 933 2055; x_wconf 89' lang='lat' dir='ltr'>est</span> <span class='ocrx_word' id='word_1_96' title='bbox 961 1995 1086 2073; x_wconf 82' lang='lat' dir='ltr'>unctor,</span> <span class='ocrx_word' id='word_1_97' title='bbox 1116 1994 1311 2075; x_wconf 83' lang='lat' dir='ltr'>quantopere</span> <span class='ocrx_word' id='word_1_98' title='bbox 1337 2010 1387 2055; x_wconf 90' lang='lat' dir='ltr'>su·</span> <span class='ocrx_word' id='word_1_99' title='bbox 1501 2062 1502 2066; x_wconf 43' lang='lat'>,</span> 
     </span>
    </p>
   </div>
   <div class='ocr_carea' id='block_1_8' title="bbox 323 2112 1388 2200">
    <p class='ocr_par' dir='ltr' id='par_1_8' title="bbox 323 2112 1504 2200">
     <span class='ocr_line' id='line_1_14' title="bbox 323 2112 1388 2200; baseline -0.004 -21"><span class='ocrx_word' id='word_1_100' title='bbox 323 2116 412 2198; x_wconf 90' lang='lat' dir='ltr'>peret</span> <span class='ocrx_word' id='word_1_101' title='bbox 434 2112 487 2179; x_wconf 92' lang='lat' dir='ltr'>ille</span> <span class='ocrx_word' id='word_1_102' title='bbox 511 2114 665 2179; x_wconf 87' lang='lat' dir='ltr'>sermonis</span> <span class='ocrx_word' id='word_1_103' title='bbox 694 2114 850 2194; x_wconf 82' lang='lat' dir='ltr'>elegantia</span> <span class='ocrx_word' id='word_1_104' title='bbox 878 2119 972 2200; x_wconf 84' lang='lat' dir='ltr'>etque</span> <span class='ocrx_word' id='word_1_105' title='bbox 1001 2113 1246 2198; x_wconf 78' lang='lat' dir='ltr'>uergilisnorum</span> <span class='ocrx_word' id='word_1_106' title='bbox 1273 2115 1388 2180; x_wconf 80' lang='lat' dir='ltr'>carmi·</span> 
     </span>
    </p>
   </div>
   <div class='ocr_carea' id='block_1_9' title="bbox 322 2237 1388 2575">
    <p class='ocr_par' dir='ltr' id='par_1_9' title="bbox 322 2237 1388 2575">
     <span class='ocr_line' id='line_1_15' title="bbox 323 2237 1388 2327; baseline 0.001 -25"><span class='ocrx_word' id='word_1_107' title='bbox 323 2257 397 2303; x_wconf 91' lang='lat' dir='ltr'>num</span> <span class='ocrx_word' id='word_1_108' title='bbox 427 2238 531 2303; x_wconf 90' lang='lat' dir='ltr'>studio</span> <span class='ocrx_word' id='word_1_109' title='bbox 560 2237 786 2327; x_wconf 86' lang='lat' dir='ltr'>Ekkehardum</span> <span class='ocrx_word' id='word_1_110' title='bbox 816 2244 979 2324; x_wconf 85' lang='lat' dir='ltr'>quartum,</span> <span class='ocrx_word' id='word_1_111' title='bbox 1014 2239 1173 2305; x_wconf 88' lang='lat' dir='ltr'>neminem</span> <span class='ocrx_word' id='word_1_112' title='bbox 1204 2239 1305 2322; x_wconf 77' lang='lat' dir='ltr'>fugiet</span> <span class='ocrx_word' id='word_1_113' title='bbox 1336 2239 1388 2324; x_wconf 92' lang='lat' dir='ltr'>qni</span> 
     </span>
     <span class='ocr_line' id='line_1_16' title="bbox 322 2362 1388 2430; baseline 0.002 -4"><span class='ocrx_word' id='word_1_114' title='bbox 322 2362 414 2428; x_wconf 90' lang='lat' dir='ltr'>huius</span> <span class='ocrx_word' id='word_1_115' title='bbox 437 2363 578 2428; x_wconf 86' lang='lat' dir='ltr'>curmine</span> <span class='ocrx_word' id='word_1_116' title='bbox 602 2363 686 2428; x_wconf 84' lang='lat' dir='ltr'>edita</span> <span class='ocrx_word' id='word_1_117' title='bbox 710 2363 748 2430; x_wconf 85' lang='lat' dir='ltr'>ub</span> <span class='ocrx_word' id='word_1_118' title='bbox 765 2364 865 2429; x_wconf 79' lang='lat' dir='ltr'>Arrio</span> <span class='ocrx_word' id='word_1_119' title='bbox 882 2363 1085 2430; x_wconf 87' lang='lat' dir='ltr'>Duemmlero</span> <span class='ocrx_word' id='word_1_120' title='bbox 1108 2362 1233 2430; x_wconf 90' lang='lat' dir='ltr'>Kellero</span> <span class='ocrx_word' id='word_1_121' title='bbox 1257 2362 1388 2429; x_wconf 87' lang='lat' dir='ltr'>Schnei-</span> 
     </span>
     <span class='ocr_line' id='line_1_17' title="bbox 322 2467 1125 2575; baseline 0.001 -22"><span class='ocrx_word' id='word_1_122' title='bbox 322 2486 396 2553; x_wconf 88' lang='lat' dir='ltr'>dero</span> <span class='ocrx_word' id='word_1_123' title='bbox 421 2487 471 2554; x_wconf 89' lang='lat' dir='ltr'>uel</span> <span class='ocrx_word' id='word_1_124' title='bbox 495 2487 596 2554; x_wconf 91' lang='lat' dir='ltr'>obiter</span> <span class='ocrx_word' id='word_1_125' title='bbox 620 2484 883 2575; x_wconf 74' lang='lat' dir='ltr'>conparauerit*l.</span> <span class='ocrx_word' id='word_1_126' title='bbox 1121 2467 1125 2476; x_wconf 44' lang='lat'>¹</span> 
     </span>
    </p>
   </div>
   <div class='ocr_carea' id='block_1_10' title="bbox 321 2661 1398 4119">
    <p class='ocr_par' dir='ltr' id='par_1_10' title="bbox 321 2661 1398 4119">
     <span class='ocr_line' id='line_1_18' title="bbox 394 2661 1387 2727; baseline -0.001 -9"><span class='ocrx_word' id='word_1_127' title='bbox 394 2662 423 2727; x_wconf 71' lang='lat' dir='ltr'>e)</span> <span class='ocrx_word' id='word_1_128' title='bbox 442 2663 509 2718; x_wconf 81' lang='lat' dir='ltr'>Ood.</span> <span class='ocrx_word' id='word_1_129' title='bbox 524 2663 704 2718; x_wconf 85' lang='lat' dir='ltr'>bibliothecae</span> <span class='ocrx_word' id='word_1_130' title='bbox 723 2664 763 2719; x_wconf 88' lang='lat' dir='ltr'>Sti</span> <span class='ocrx_word' id='word_1_131' title='bbox 782 2664 854 2720; x_wconf 79' lang='lat' dir='ltr'>Galli</span> <span class='ocrx_word' id='word_1_132' title='bbox 872 2681 898 2719; x_wconf 91' lang='lat' dir='ltr'>n.</span> <span class='ocrx_word' id='word_1_133' title='bbox 912 2665 965 2719; x_wconf 84' lang='lat'>393</span> <span class='ocrx_word' id='word_1_134' title='bbox 978 2665 1082 2719; x_wconf 86' lang='lat' dir='ltr'>minora</span> <span class='ocrx_word' id='word_1_135' title='bbox 1095 2665 1217 2719; x_wconf 81' lang='lat' dir='ltr'>carmine</span> <span class='ocrx_word' id='word_1_136' title='bbox 1229 2661 1387 2718; x_wconf 83' lang='lat' dir='ltr'>Ekkehcrdi</span> 
     </span>
     <span class='ocr_line' id='line_1_19' title="bbox 322 2769 1387 2841; baseline 0 -18"><span class='ocrx_word' id='word_1_137' title='bbox 322 2770 511 2839; x_wconf 86' lang='lat' dir='ltr'>conplectitur,</span> <span class='ocrx_word' id='word_1_138' title='bbox 530 2771 652 2824; x_wconf 80' lang='lat' dir='ltr'>carmina</span> <span class='ocrx_word' id='word_1_139' title='bbox 663 2771 853 2840; x_wconf 82' lang='lat' dir='ltr'>sepulchralis,</span> <span class='ocrx_word' id='word_1_140' title='bbox 872 2771 1063 2840; x_wconf 84' lang='lat' dir='ltr'>inscriptiones</span> <span class='ocrx_word' id='word_1_141' title='bbox 1075 2771 1252 2840; x_wconf 84' lang='lat' dir='ltr'>picturarum,</span> <span class='ocrx_word' id='word_1_142' title='bbox 1271 2769 1387 2841; x_wconf 85' lang='lat' dir='ltr'>hymnos</span> 
     </span>
     <span class='ocr_line' id='line_1_20' title="bbox 322 2874 1387 2948; baseline 0.001 -19"><span class='ocrx_word' id='word_1_143' title='bbox 322 2876 350 2929; x_wconf 94' lang='lat' dir='ltr'>in</span> <span class='ocrx_word' id='word_1_144' title='bbox 369 2874 441 2930; x_wconf 79' lang='lat' dir='ltr'>festa</span> <span class='ocrx_word' id='word_1_145' title='bbox 459 2881 625 2946; x_wconf 79' lang='lat' dir='ltr'>sanctorum,</span> <span class='ocrx_word' id='word_1_146' title='bbox 646 2878 878 2932; x_wconf 83' lang='lat' dir='ltr'>considerationes</span> <span class='ocrx_word' id='word_1_147' title='bbox 892 2877 926 2932; x_wconf 89' lang='lat' dir='ltr'>dc</span> <span class='ocrx_word' id='word_1_148' title='bbox 939 2877 1077 2946; x_wconf 86' lang='lat' dir='ltr'>religionis</span> <span class='ocrx_word' id='word_1_149' title='bbox 1091 2877 1243 2948; x_wconf 82' lang='lat' dir='ltr'>mysteriis3</span> <span class='ocrx_word' id='word_1_150' title='bbox 1263 2892 1298 2932; x_wconf 85' lang='lat' dir='ltr'>cx</span> <span class='ocrx_word' id='word_1_151' title='bbox 1310 2880 1387 2946; x_wconf 81' lang='lat' dir='ltr'>perte</span> 
     </span>
     <span class='ocr_line' id='line_1_21' title="bbox 322 2981 1398 3054; baseline 0.004 -18"><span class='ocrx_word' id='word_1_152' title='bbox 322 2981 391 3037; x_wconf 85' lang='lat' dir='ltr'>haec</span> <span class='ocrx_word' id='word_1_153' title='bbox 409 2983 523 3038; x_wconf 82' lang='lat' dir='ltr'>Notlreri</span> <span class='ocrx_word' id='word_1_154' title='bbox 542 2984 728 3054; x_wconf 82' lang='lat' dir='ltr'>praeceptoris</span> <span class='ocrx_word' id='word_1_155' title='bbox 746 2984 824 3039; x_wconf 89' lang='lat' dir='ltr'>iussu</span> <span class='ocrx_word' id='word_1_156' title='bbox 843 2983 930 3053; x_wconf 74' lang='lat' dir='ltr'>fecta,</span> <span class='ocrx_word' id='word_1_157' title='bbox 949 2984 1047 3053; x_wconf 82' lang='lat' dir='ltr'>partim</span> <span class='ocrx_word' id='word_1_158' title='bbox 1067 2983 1152 3038; x_wconf 83' lang='lat' dir='ltr'>misso</span> <span class='ocrx_word' id='word_1_159' title='bbox 1170 2983 1206 3038; x_wconf 84' lang='lat' dir='ltr'>od</span> <span class='ocrx_word' id='word_1_160' title='bbox 1224 2983 1398 3040; x_wconf 90' lang='lat' dir='ltr'>Ymmcnem.</span> 
     </span>
     <span class='ocr_line' id='line_1_22' title="bbox 321 3088 1387 3159; baseline -0.001 -16"><span class='ocrx_word' id='word_1_161' title='bbox 321 3088 433 3145; x_wconf 78' lang='lat' dir='ltr'>fratrem</span> <span class='ocrx_word' id='word_1_162' title='bbox 453 3092 610 3146; x_wconf 84' lang='lat' dir='ltr'>Moncsterii</span> <span class='ocrx_word' id='word_1_163' title='bbox 629 3091 656 3145; x_wconf 92' lang='lat' dir='ltr'>in</span> <span class='ocrx_word' id='word_1_164' title='bbox 675 3090 746 3144; x_wconf 83' lang='lat' dir='ltr'>valle</span> <span class='ocrx_word' id='word_1_165' title='bbox 765 3089 806 3144; x_wconf 86' lang='lat' dir='ltr'>Sti</span> <span class='ocrx_word' id='word_1_166' title='bbox 825 3090 950 3159; x_wconf 84' lang='lat' dir='ltr'>Gregorii</span> <span class='ocrx_word' id='word_1_167' title='bbox 969 3089 1106 3145; x_wconf 77' lang='lat' dir='ltr'>abbatem.</span> <span class='ocrx_word' id='word_1_168' title='bbox 1125 3089 1233 3144; x_wconf 89' lang='lat' dir='ltr'>Primus</span> <span class='ocrx_word' id='word_1_169' title='bbox 1252 3089 1318 3144; x_wconf 83' lang='lat' dir='ltr'>lde</span> <span class='ocrx_word' id='word_1_170' title='bbox 1331 3089 1387 3144; x_wconf 84' lang='lat' dir='ltr'>Arx</span> 
     </span>
     <span class='ocr_line' id='line_1_23' title="bbox 322 3193 1387 3266; baseline -0.002 -16"><span class='ocrx_word' id='word_1_171' title='bbox 322 3196 373 3252; x_wconf 90' lang='lat' dir='ltr'>hoc</span> <span class='ocrx_word' id='word_1_172' title='bbox 403 3213 468 3252; x_wconf 87' lang='lat' dir='ltr'>usus</span> <span class='ocrx_word' id='word_1_173' title='bbox 496 3204 539 3252; x_wconf 86' lang='lat' dir='ltr'>est</span> <span class='ocrx_word' id='word_1_174' title='bbox 567 3197 662 3252; x_wconf 90' lang='lat' dir='ltr'>codice</span> <span class='ocrx_word' id='word_1_175' title='bbox 688 3197 716 3250; x_wconf 94' lang='lat' dir='ltr'>in</span> <span class='ocrx_word' id='word_1_176' title='bbox 745 3195 897 3251; x_wconf 88' lang='lat' dir='ltr'>scribendis</span> <span class='ocrx_word' id='word_1_177' title='bbox 924 3195 966 3250; x_wconf 86' lang='lat' dir='ltr'>Sti</span> <span class='ocrx_word' id='word_1_178' title='bbox 993 3195 1063 3251; x_wconf 85' lang='lat' dir='ltr'>Galli</span> <span class='ocrx_word' id='word_1_179' title='bbox 1091 3193 1187 3266; x_wconf 82' lang='lat' dir='ltr'>rebus3</span> <span class='ocrx_word' id='word_1_180' title='bbox 1214 3195 1274 3265; x_wconf 88' lang='lat' dir='ltr'>ipse</span> <span class='ocrx_word' id='word_1_181' title='bbox 1303 3195 1387 3249; x_wconf 87' lang='lat' dir='ltr'>edidit</span> 
     </span>
     <span class='ocr_line' id='line_1_24' title="bbox 321 3289 1386 3375; baseline 0 -19"><span class='ocrx_word' id='word_1_182' title='bbox 321 3303 447 3375; x_wconf 80' lang='lat' dir='ltr'>Rptlmos</span> <span class='ocrx_word' id='word_1_183' title='bbox 466 3306 496 3358; x_wconf 84' lang='lat' dir='ltr'>de</span> <span class='ocrx_word' id='word_1_184' title='bbox 515 3304 543 3358; x_wconf 88' lang='lat' dir='ltr'>S.</span> <span class='ocrx_word' id='word_1_185' title='bbox 557 3303 683 3357; x_wconf 80' lang='lat' dir='ltr'>Ortmaro</span> <span class='ocrx_word' id='word_1_186' title='bbox 702 3300 802 3358; x_wconf 85' lang='lat' dir='ltr'>obbetc</span> <span class='ocrx_word' id='word_1_187' title='bbox 827 3306 872 3368; x_wconf 83' lang='lat' dir='ltr'>(ex</span> <span class='ocrx_word' id='word_1_188' title='bbox 891 3301 959 3358; x_wconf 91' lang='lat' dir='ltr'>libro</span> <span class='ocrx_word' id='word_1_189' title='bbox 978 3289 1199 3358; x_wconf 76' lang='lat' dir='ltr'>benedictionum</span> <span class='ocrx_word' id='word_1_190' title='bbox 1217 3317 1245 3370; x_wconf 89' lang='lat' dir='ltr'>p.</span> <span class='ocrx_word' id='word_1_191' title='bbox 1260 3303 1317 3356; x_wconf 82' lang='lat'>2-</span> <span class='ocrx_word' id='word_1_192' title='bbox 1328 3302 1386 3368; x_wconf 84' lang='grc'>184)</span> 
     </span>
     <span class='ocr_line' id='line_1_25' title="bbox 322 3383 1386 3478; baseline -0.002 -15"><span class='ocrx_word' id='word_1_193' title='bbox 322 3409 350 3463; x_wconf 94' lang='lat' dir='ltr'>in</span> <span class='ocrx_word' id='word_1_194' title='bbox 368 3409 467 3463; x_wconf 85' lang='lat' dir='ltr'>Pertnii</span> <span class='ocrx_word' id='word_1_195' title='bbox 487 3408 534 3464; x_wconf 86' lang='lat' dir='ltr'>SS.</span> <span class='ocrx_word' id='word_1_196' title='bbox 549 3410 704 3464; x_wconf 82' lang='lat'>1154-58</span> <span class='ocrx_word' id='word_1_197' title='bbox 724 3408 770 3472; x_wconf 81' lang='lat' dir='ltr'>(cl.</span> <span class='ocrx_word' id='word_1_198' title='bbox 784 3409 943 3464; x_wconf 87' lang='lat' dir='ltr'>Duemmler</span> <span class='ocrx_word' id='word_1_199' title='bbox 961 3409 978 3464; x_wconf 94' lang='lat' dir='ltr'>l.</span> <span class='ocrx_word' id='word_1_200' title='bbox 991 3407 1062 3464; x_wconf 81' lang='lat' dir='ltr'>infra</span> <span class='ocrx_word' id='word_1_201' title='bbox 1074 3383 1212 3464; x_wconf 83' lang='lat' dir='ltr'>laudando</span> <span class='ocrx_word' id='word_1_202' title='bbox 1223 3423 1251 3478; x_wconf 88' lang='lat' dir='ltr'>p.</span> <span class='ocrx_word' id='word_1_203' title='bbox 1266 3409 1339 3462; x_wconf 88' lang='grc'>1311.</span> <span class='ocrx_word' id='word_1_204' title='bbox 1354 3409 1386 3474; x_wconf 88' lang='grc'>1).</span> 
     </span>
     <span class='ocr_line' id='line_1_26' title="bbox 322 3515 1387 3585; baseline -0.003 -14"><span class='ocrx_word' id='word_1_205' title='bbox 322 3522 420 3585; x_wconf 74' lang='lat' dir='ltr'>postea</span> <span class='ocrx_word' id='word_1_206' title='bbox 443 3517 569 3571; x_wconf 81' lang='lat' dir='ltr'>F.Keller</span> <span class='ocrx_word' id='word_1_207' title='bbox 591 3517 682 3570; x_wconf 80' lang='lat' dir='ltr'>librum</span> <span class='ocrx_word' id='word_1_208' title='bbox 707 3517 906 3571; x_wconf 78' lang='lat' dir='ltr'>benedictionum</span> <span class='ocrx_word' id='word_1_209' title='bbox 934 3517 970 3570; x_wconf 82' lang='lat' dir='ltr'>ud</span> <span class='ocrx_word' id='word_1_210' title='bbox 992 3534 1092 3570; x_wconf 72' lang='lat' dir='ltr'>errentur</span> <span class='ocrx_word' id='word_1_211' title='bbox 1120 3517 1157 3584; x_wconf 86' lang='lat' dir='ltr'>(p.</span> <span class='ocrx_word' id='word_1_212' title='bbox 1173 3515 1336 3580; x_wconf 76' lang='lat'><strong>187-197)</strong></span> <span class='ocrx_word' id='word_1_213' title='bbox 1353 3545 1387 3558; x_wconf 91' lang='lat'>-··</span> 
     </span>
     <span class='ocr_line' id='line_1_27' title="bbox 322 3619 1387 3690; baseline -0.006 -12"><span class='ocrx_word' id='word_1_214' title='bbox 322 3627 387 3678; x_wconf 91' lang='lat' dir='ltr'>sunt</span> <span class='ocrx_word' id='word_1_215' title='bbox 410 3628 501 3678; x_wconf 82' lang='lat' dir='ltr'>autem</span> <span class='ocrx_word' id='word_1_216' title='bbox 528 3623 579 3678; x_wconf 81' lang='lat'>265</span> <span class='ocrx_word' id='word_1_217' title='bbox 604 3622 776 3678; x_wconf 83' lang='lat' dir='ltr'>monosticha</span> <span class='ocrx_word' id='word_1_218' title='bbox 800 3623 910 3677; x_wconf 82' lang='lat' dir='ltr'>leonins</span> <span class='ocrx_word' id='word_1_219' title='bbox 935 3651 964 3662; x_wconf 92' lang='lat'>-</span> <span class='ocrx_word' id='word_1_220' title='bbox 990 3621 1033 3677; x_wconf 92' lang='lat' dir='ltr'>ed.</span> <span class='ocrx_word' id='word_1_221' title='bbox 1053 3621 1082 3676; x_wconf 90' lang='lat' dir='ltr'>in</span> <span class='ocrx_word' id='word_1_222' title='bbox 1106 3619 1314 3690; x_wconf 82' lang='lat' dir='ltr'>tlittheilungen</span> <span class='ocrx_word' id='word_1_223' title='bbox 1340 3620 1387 3676; x_wconf 88' lang='lat' dir='ltr'>der</span> 
     </span>
     <span class='ocr_line' id='line_1_28' title="bbox 323 3727 1386 3799; baseline -0.005 -16"><span class='ocrx_word' id='word_1_224' title='bbox 323 3730 457 3799; x_wconf 81' lang='lat' dir='ltr'>antiquar.</span> <span class='ocrx_word' id='word_1_225' title='bbox 473 3729 622 3784; x_wconf 87' lang='lat' dir='ltr'>Gesellsch.</span> <span class='ocrx_word' id='word_1_226' title='bbox 637 3745 670 3784; x_wconf 88' lang='lat' dir='ltr'>nu</span> <span class='ocrx_word' id='word_1_227' title='bbox 690 3728 787 3784; x_wconf 85' lang='lat' dir='ltr'>Zlirich</span> <span class='ocrx_word' id='word_1_228' title='bbox 804 3729 862 3792; x_wconf 80' lang='lat' dir='ltr'>vol.</span> <span class='ocrx_word' id='word_1_229' title='bbox 876 3729 916 3784; x_wconf 92' lang='lat' dir='ltr'>Ill</span> <span class='ocrx_word' id='word_1_230' title='bbox 936 3729 1018 3798; x_wconf 78' lang='lat'>18473</span> <span class='ocrx_word' id='word_1_231' title='bbox 1043 3727 1114 3782; x_wconf 74' lang='lat' dir='ltr'>adde</span> <span class='ocrx_word' id='word_1_232' title='bbox 1133 3727 1291 3782; x_wconf 88' lang='lat' dir='ltr'>Duemmler</span> <span class='ocrx_word' id='word_1_233' title='bbox 1314 3744 1340 3797; x_wconf 90' lang='lat' dir='ltr'>p.</span> <span class='ocrx_word' id='word_1_234' title='bbox 1354 3727 1386 3780; x_wconf 83' lang='lat'>16</span> 
     </span>
     <span class='ocr_line' id='line_1_29' title="bbox 323 3828 1385 3905; baseline -0.006 -15"><span class='ocrx_word' id='word_1_235' title='bbox 323 3853 349 3890; x_wconf 90' lang='lat' dir='ltr'>n.</span> <span class='ocrx_word' id='word_1_236' title='bbox 364 3838 386 3890; x_wconf 91' lang='lat'>1.</span> <span class='ocrx_word' id='word_1_237' title='bbox 415 3836 458 3890; x_wconf 85' lang='lat' dir='ltr'>Fr.</span> <span class='ocrx_word' id='word_1_238' title='bbox 471 3835 619 3890; x_wconf 86' lang='lat' dir='ltr'>Schneider</span> <span class='ocrx_word' id='word_1_239' title='bbox 642 3837 669 3891; x_wconf 96' lang='lat' dir='ltr'>in</span> <span class='ocrx_word' id='word_1_240' title='bbox 696 3828 848 3905; x_wconf 85' lang='lat' dir='ltr'>appendice</span> <span class='ocrx_word' id='word_1_241' title='bbox 866 3835 926 3890; x_wconf 85' lang='lat' dir='ltr'>libri</span> <span class='ocrx_word' id='word_1_242' title='bbox 952 3835 1025 3904; x_wconf 86' lang='lat' dir='ltr'>„Der</span> <span class='ocrx_word' id='word_1_243' title='bbox 1042 3833 1142 3902; x_wconf 86' lang='lat' dir='ltr'>heilige</span> <span class='ocrx_word' id='word_1_244' title='bbox 1163 3832 1268 3887; x_wconf 83' lang='lat' dir='ltr'>Burdo“</span> <span class='ocrx_word' id='word_1_245' title='bbox 1301 3833 1385 3888; x_wconf 72' lang='lat' dir='ltr'>lisine</span> 
     </span>
     <span class='ocr_line' id='line_1_30' title="bbox 325 3939 1384 4014; baseline -0.007 -16"><span class='ocrx_word' id='word_1_246' title='bbox 325 3943 392 3998; x_wconf 77' lang='lat'>1871</span> <span class='ocrx_word' id='word_1_247' title='bbox 412 3942 456 3996; x_wconf 84' lang='lat' dir='ltr'>cd.</span> <span class='ocrx_word' id='word_1_248' title='bbox 473 3942 567 3996; x_wconf 81' lang='lat' dir='ltr'>Versus</span> <span class='ocrx_word' id='word_1_249' title='bbox 587 3945 623 3996; x_wconf 86' lang='lat' dir='ltr'>cd</span> <span class='ocrx_word' id='word_1_250' title='bbox 638 3950 755 4014; x_wconf 79' lang='lat' dir='ltr'>picturus</span> <span class='ocrx_word' id='word_1_251' title='bbox 774 3943 865 3996; x_wconf 82' lang='lat' dir='ltr'>domus</span> <span class='ocrx_word' id='word_1_252' title='bbox 883 3943 981 3995; x_wconf 78' lang='lat' dir='ltr'>domini</span> <span class='ocrx_word' id='word_1_253' title='bbox 998 3939 1167 4012; x_wconf 77' lang='lat' dir='ltr'>Moponllrrce</span> <span class='ocrx_word' id='word_1_254' title='bbox 1186 3941 1237 3995; x_wconf 79' lang='lat'>841</span> <span class='ocrx_word' id='word_1_255' title='bbox 1256 3939 1384 3994; x_wconf 83' lang='lat' dir='ltr'>leoninos.</span> 
     </span>
     <span class='ocr_line' id='line_1_31' title="bbox 326 4044 1386 4119; baseline -0.006 -16"><span class='ocrx_word' id='word_1_256' title='bbox 326 4049 430 4103; x_wconf 84' lang='lat' dir='ltr'>Minora</span> <span class='ocrx_word' id='word_1_257' title='bbox 462 4050 568 4119; x_wconf 81' lang='lat' dir='ltr'>denique</span> <span class='ocrx_word' id='word_1_258' title='bbox 603 4057 720 4102; x_wconf 82' lang='lat' dir='ltr'>carmina</span> <span class='ocrx_word' id='word_1_259' title='bbox 755 4048 857 4119; x_wconf 85' lang='lat' dir='ltr'>passim</span> <span class='ocrx_word' id='word_1_260' title='bbox 889 4046 1013 4117; x_wconf 82' lang='lat' dir='ltr'>dispersa</span> <span class='ocrx_word' id='word_1_261' title='bbox 1042 4062 1092 4116; x_wconf 82' lang='lat' dir='ltr'>per</span> <span class='ocrx_word' id='word_1_262' title='bbox 1128 4046 1250 4101; x_wconf 79' lang='lat' dir='ltr'>codicem</span> <span class='ocrx_word' id='word_1_263' title='bbox 1280 4044 1386 4112; x_wconf 78' lang='lat' dir='ltr'>collegit</span> 
     </span>
    </p>
   </div>
   <div class='ocr_carea' id='block_1_11' title="bbox 324 4151 1384 4223">
    <p class='ocr_par' dir='ltr' id='par_1_11' title="bbox 324 4151 1384 4223">
     <span class='ocr_line' id='line_1_32' title="bbox 324 4151 1384 4223; baseline -0.006 -13"><span class='ocrx_word' id='word_1_264' title='bbox 324 4155 517 4210; x_wconf 80' lang='lat' dir='ltr'>E.Duemmlcr</span> <span class='ocrx_word' id='word_1_265' title='bbox 534 4155 563 4209; x_wconf 93' lang='lat' dir='ltr'>in</span> <span class='ocrx_word' id='word_1_266' title='bbox 574 4154 677 4223; x_wconf 84' lang='lat' dir='ltr'>Haupti</span> <span class='ocrx_word' id='word_1_267' title='bbox 690 4153 720 4210; x_wconf 89' lang='lat' dir='ltr'>Z.</span> <span class='ocrx_word' id='word_1_268' title='bbox 732 4153 751 4209; x_wconf 82' lang='lat' dir='ltr'>i.</span> <span class='ocrx_word' id='word_1_269' title='bbox 765 4155 792 4209; x_wconf 92' lang='lat' dir='ltr'>d.</span> <span class='ocrx_word' id='word_1_270' title='bbox 806 4153 841 4208; x_wconf 83' lang='lat' dir='ltr'>A.</span> <span class='ocrx_word' id='word_1_271' title='bbox 856 4153 921 4208; x_wconf 89' lang='lat' dir='ltr'>XlV</span> <span class='ocrx_word' id='word_1_272' title='bbox 941 4153 984 4220; x_wconf 79' lang='lat' dir='ltr'>(N.</span> <span class='ocrx_word' id='word_1_273' title='bbox 997 4151 1028 4208; x_wconf 84' lang='lat' dir='ltr'>F.</span> <span class='ocrx_word' id='word_1_274' title='bbox 1041 4152 1078 4220; x_wconf 81' lang='lat' dir='ltr'>ll)</span> <span class='ocrx_word' id='word_1_275' title='bbox 1097 4167 1125 4222; x_wconf 87' lang='lat' dir='ltr'>p.</span> <span class='ocrx_word' id='word_1_276' title='bbox 1139 4153 1268 4223; x_wconf 75' lang='lat'><strong>33-733</strong></span> <span class='ocrx_word' id='word_1_277' title='bbox 1286 4152 1384 4206; x_wconf 82' lang='lat' dir='ltr'>selectu</span> 
     </span>
    </p>
   </div>
   <div class='ocr_carea' id='block_1_12' title="bbox 0 0 1525 4914">
    <p class='ocr_par' dir='ltr' id='par_1_12' title="bbox 0 0 1525 4914">
     <span class='ocr_line' id='line_1_33' title="bbox 0 0 1525 4914; baseline 0 0"><span class='ocrx_word' id='word_1_278' title='bbox 0 0 1525 4914; x_wconf 95' lang='lat' dir='ltr'> </span> 
     </span>
    </p>
   </div>
  </div>
 </body>
</html>
