3036 4914
775 457 836 504 xlv

382 611 552 679 Praeterea
574 612 608 678 in
630 611 711 679 libro
735 612 766 680 S.
787 613 999 681 Andomari
1024 613 1083 696 (St.
1097 615 1205 697 Omer)
1225 637 1255 683 n.
1275 619 1344 684 312

317 735 393 804 olim
415 735 651 802 Bertiniano
673 737 804 804 membr.
822 739 857 804 4⁰
873 759 897 804 s.
914 737 959 804 XI
981 744 1055 824 poet
1073 738 1344 827 Explanationem

316 860 349 926 in
378 858 572 926 Hieremiam
601 860 664 927 alia
693 881 789 927 manu
816 882 840 928 s.
864 861 925 928 XII
953 863 990 943 (s.
1015 862 1061 929 XI
1088 862 1195 930 Monio
1222 864 1341 944 iudice)

315 982 394 1050 haee
416 983 540 1049 adiecta
561 983 709 1068 leguntur
730 986 764 1050 in
788 987 944 1069 margine:

384 1108 492 1174 Tertia
514 1127 589 1193 pars
612 1109 696 1174 orbis
719 1109 833 1176 fratres
856 1109 986 1196 Europa
1009 1117 1149 1196 uocatur.

488 1251 530 1316 ra
786 1233 807 1299 fl
1160 1311 1168 1316 ,

433 1354 552 1422 Gibioo.
689 1355 892 1424 Gunthariue.
1028 1357 1138 1424 Ataia.

433 1479 569 1565 Ospirin.
687 1478 837 1566 Alphere.
1025 1480 1207 1548 Waltariua

433 1603 610 1668 Herericua
688 1603 857 1685 Hildgund.
1026 1605 1167 1690 Hagano.

384 1726 520 1807 (Meuius
536 1729 618 1794 Anz.
634 1728 677 1794 IV
692 1729 758 1794 413
773 1726 988 1796 Bethmannue
1008 1729 1042 1794 in
1065 1729 1194 1796 arohiuo
1208 1729 1341 1796 francof.

319 1850 390 1917 VIII
412 1854 478 1917 413
503 1857 596 1936 atque
618 1853 652 1917 in
675 1853 794 1938 Haupti
817 1852 851 1918 Z.
867 1852 889 1918 f.
907 1852 937 1917 d.
953 1851 992 1917 Α.
1009 1852 1037 1917 V
1053 1854 1141 1934 206).

383 1975 516 2042 Accedit
538 1974 706 2042 Guntharii
734 1977 819 2060 regis
850 1977 1002 2042 memorie
1025 1997 1119 2060 qnam
1150 1978 1182 2043 in
1207 1977 1342 2043 alteram

320 2099 428 2178 Sancti
466 2100 591 2166 Arnulfi
629 2101 844 2184 genealogiam
887 2084 928 2167 in·
958 2085 1064 2168 codice
1105 2101 1343 2170 Vindobonensi

319 2225 402 2305 (hist.
421 2224 495 2290 eccl.
512 2245 543 2290 n.
565 2227 628 2290 160
642 2226 663 2290 f.
685 2226 827 2306 15—20)
855 2225 1010 2291 intrusam
1033 2226 1176 2311 repperit
1198 2224 1343 2292 Pertzius

319 2348 449 2427 (archia.
466 2348 596 2414 francof.
612 2349 655 2414 III
671 2350 765 2428 667):
784 2348 998 2432 „GunIharius
1015 2345 1203 2439 Germaniae
1218 2350 1342 2435 primae

319 2492 449 2554 regnum
481 2472 618 2538 obtinuit
646 2493 682 2538 ao
710 2473 831 2559 primae
859 2472 1005 2556 Belgicae
1038 2473 1072 2538 iu
1106 2494 1175 2558 qua,
1195 2473 1343 2540 Treueris

321 2596 373 2680 qui
402 2615 472 2661 oum
496 2594 670 2662 Walthario
694 2596 859 2662 Hunorum
887 2596 995 2663 obside
1022 2597 1122 2662 fertur
1150 2594 1341 2681 pugnasse.“

319 2719 384 2785 Neo
418 2739 481 2785 non
516 2720 663 2786 uidentur
698 2741 737 2786 ex
764 2720 854 2786 libris
884 2719 1049 2788 Waltharii
1084 2719 1342 2803 Sangalleneibue

320 2843 476 2929 corruptis
505 2843 625 2910 seilicet
653 2844 837 2928 prouenisse
864 2846 992 2910 nomina
1016 2844 1170 2928 quaedam
1194 2865 1273 2929 quae
1296 2845 1342 2911 lc·

320 2973 437 3051 guntur
466 2968 500 3032 in
523 2967 626 3033 indice
655 2967 860 3034 Goldaatiano
888 2968 1016 3034 laudato
1044 2968 1128 3034 infra
1159 2969 1199 3034 ad
1226 2991 1256 3034 u.
1275 2970 1338 3034 687

320 3093 407 3158 uelut
429 3091 568 3175 Eugith,
593 3092 720 3158 Heririh
744 3093 877 3158 Herrich
901 3092 1057 3175 Heririoh,
1081 3092 1213 3175 Hagano
1230 3098 1262 3158 et
1276 3091 1341 3158 Ha-

320 3215 609 3299 g0n0,aane01f,
654 3216 744 3281 nmo
789 3217 901 3283 nermo
943 3216 1073 3317 Thiemo
1088 3195 1098 3202 “
1112 3215 1198 3282 simo
1236 3215 1340 3299 ormo,

320 3339 473 3404 Thruunt.
497 3339 635 3424 itemque
658 3361 697 3405 ex
720 3346 827 3408 nostro
850 3341 989 3408 carmine
1011 3341 1112 3426 petita
1134 3339 1341 3408 Scaramundi
1367 3387 1369 3391 -

322 3463 458 3528 nominis
482 3465 633 3530 memoria
656 3465 740 3551 apud
764 3463 916 3531 Graffium
939 3464 969 3531 II
992 3466 1066 3530 814.
