3036 4914
678 445 718 490 1x

234 597 328 665 edab
357 601 396 667 H.
416 601 455 668 de
475 600 575 689 Wyns
606 621 633 667 a.
660 603 761 687 1804,
792 604 932 670 continet
960 604 1104 670 Aratoris
1132 606 1230 672 Actus

212 723 426 808 apostolorum
450 731 482 792 et
504 725 670 794 Claudiani
692 731 840 811 quattuor
867 728 1018 813 opuscula
1044 728 1152 796 eadem
1176 729 1232 796 illa

211 867 305 914 manu
329 848 415 915 sill
438 851 567 935 scripta,
590 849 800 916 Waltharium
825 872 853 917 a.
869 851 890 916 f.
908 852 963 916 92⁰
979 851 1019 917 ad
1038 854 1113 918 116⁰
1137 858 1231 938 atque

210 970 343 1039 Einardi
357 973 465 1039 Vitam
482 973 590 1041 Karoli
613 994 638 1039 s.
655 973 714 1039 XII
731 974 774 1040 in.
791 975 830 1040 ab
854 995 917 1040 una
940 975 1111 1061 eademque
1135 997 1231 1044 mauu

211 1101 343 1161 exarata
365 1099 409 1162 30
431 1092 577 1164 uersibus
600 1098 732 1182 singulis
759 1099 793 1163 in
822 1098 964 1184 pagellis.
1004 1099 1109 1167 Pauca
1136 1101 1232 1168 habet

208 1219 259 1286 hic
281 1218 363 1286 liber
390 1222 566 1308 conpendia
595 1241 833 1307 sermonemque
856 1222 1095 1307 diligentissime
1119 1225 1231 1292 distin·

209 1347 310 1410 ctum:
339 1346 440 1412 utitur
469 1351 574 1413 autem
602 1346 751 1413 librarius
780 1346 829 1412 his
858 1348 957 1414 notis:
989 1354 1104 1434 puncto
1134 1369 1231 1436 supra

209 1487 336 1534 uersum
360 1469 462 1556 positu
487 1487 494 1502 ·
518 1477 634 1556 puncto
663 1471 794 1557 inipso
822 1491 916 1537 uersu
947 1473 1174 1558 (semipunctue
1202 1475 1230 1540 is

210 1594 269 1672 est)
292 1599 409 1679 puncto
432 1595 482 1660 cui
504 1595 643 1680 inposita
664 1601 713 1660 est
734 1595 850 1662 lineola
871 1598 879 1660 l
904 1596 1134 1683 (suspensiuus)
1158 1618 1230 1665 raro

209 1715 326 1783 lineola
348 1717 489 1784 subiecta
512 1723 560 1784 est
582 1725 720 1804 puuct03
746 1720 784 1798 (e.
802 1739 832 1802 g.
849 1740 879 1784 u.
897 1719 963 1785 522
986 1720 1050 1785 577
1075 1722 1140 1786 589
1165 1722 1228 1788 627

210 1841 298 1925 752),
322 1841 537 1925 interrogandi
558 1843 663 1908 nota?
685 1843 936 1927 (exclamatiuus
962 1863 1002 1910 an
1018 1846 1230 1932 semisuspen-

210 1965 330 2049 sinusi)
368 1950 538 2032 Praeterea
564 1966 780 2053 monosyllaba
803 1972 838 2034 tu
861 1974 892 2034 te
915 1969 959 2034 mi
982 1989 1033 2035 me
1056 1990 1090 2035 se
1112 1990 1147 2036 re
1170 1990 1189 2035 o
1212 1991 1230 2036 a

210 2095 303 2175 atque
326 2091 423 2156 etiam
447 2111 483 2158 eo
506 2091 618 2158 uocula
642 2092 731 2178 apice
754 2098 866 2158 ornata
888 2098 962 2159 sunt
984 2095 1028 2173 (to
1051 2093 1089 2159 ed
1112 2096 1196 2181 etot

275 2214 325 2280 Ex
359 2215 418 2281 hoc
450 2215 531 2282 libro
561 2221 728 2302 postquam
755 2215 879 2282 Munius
908 2214 1035 2282 Geraldi
1064 2217 1228 2302 prologum

120 2386 127 2391 1·
209 2339 377 2425 descripsit
411 2340 445 2405 in
477 2337 648 2424 „Quellen“
685 2339 815 2406 Aachen
848 2341 934 2405 1830
969 2362 1000 2427 p.
1031 2342 1229 2425 182-184,

208 2468 358 2550 excerpta
391 2463 479 2530 dedit
503 2463 751 2547 Reiffenbergius
779 2466 812 2530 in
840 2465 997 2531 Annuarii
1024 2465 1230 2532 bibliothecae

210 2587 348 2671 belgicae
375 2594 397 2654 t.
415 2588 444 2654 ll
474 2589 555 2653 1841
582 2610 614 2675 p.
630 2589 799 2655 45-106
834 2589 986 2654 1111842
1015 2609 1046 2675 p.
1064 2590 1229 2655 39-174

208 2712 237 2778 V
262 2713 349 2780 1844
372 2732 403 2798 p.
421 2712 597 2797 atu—152,
620 2711 762 2779 Marilius
786 2714 836 2779 hic
856 2713 922 2779 illic
937 2714 1077 2800 inspexit
1091 2718 1229 2780 textum·

209 2857 269 2924 que
293 2836 441 2904 carminis
467 2836 655 2922 aliquotiens
678 2837 751 2902 inde
774 2836 902 2904 retinxit
930 2836 1070 2917 (Podsies
1095 2858 1166 2924 pop.
1183 2838 1229 2904 la·

208 2961 290 3028 tinas
315 2962 510 3028 antonienses
534 2983 574 3027 au
597 2960 667 3026 Xll⁸
691 2961 785 3028 siculo
808 2960 897 3028 Paris
923 2962 1040 3045 1843),
1064 2963 1230 3048 conposuit

209 3106 288 3171 quae
310 3091 442 3171 uterque
465 3086 595 3152 dederat
617 3084 811 3150 San-Marte
833 3085 988 3151 uersionis
1012 3105 1087 3152 suae
1111 3106 1229 3172 appen-

208 3211 277 3277 dice
299 3231 330 3296 p.
350 3209 545 3276 175-178.
585 3210 722 3288 Quorum
753 3229 849 3296 opera
875 3228 947 3278 cum
969 3210 1084 3276 futtilis
1106 3210 1228 3294 fuisset,

208 3333 432 3402 LGProvana
459 3339 560 3400 totum
589 3353 716 3401 carmen
746 3355 785 3400 ex
813 3335 872 3400 hoc
901 3334 1007 3401 codice
1036 3335 1228 3421 descriptum

209 3458 296 3526 dedit
328 3460 491 3542 Augustae
520 3459 729 3525 Taurinorum
759 3480 787 3525 a.
811 3459 896 3524 1848
931 3459 982 3539 (ex
1016 3458 1228 3526 Monumentis

208 3581 368 3650 Historiae
383 3582 508 3650 Patriae
525 3582 721 3670 Scriptorum
737 3584 825 3649 Tom.
839 3582 894 3663 ΙΙΙ)
915 3583 1038 3648 adiecta
1053 3582 1228 3667 scripturae

207 3708 345 3791 imagine
368 3727 478 3792 parum
503 3706 609 3773 simili.
634 3727 727 3791 quam
755 3707 923 3774 editionem
946 3706 1152 3792 repetendam
1175 3726 1229 3772 cu·

207 3832 292 3898 rauit
317 3833 386 3917 ipso
414 3830 495 3896 libro
530 3830 632 3896 denuo
666 3837 702 3898 ut
730 3805 775 3897 ait
801 3836 971 3916 conparato
1000 3830 1228 3917 lFNcigebaur

206 3955 465 4038 Uratislauicnsis
494 3954 652 4021 Monachii
682 3956 777 4022 1853.
817 3956 861 4021 At
887 3976 927 4022 ne
958 3955 1071 4021 borum
1101 3955 1226 4040 quidem

93 4100 95 4105 ·
208 4101 304 4168 opera
327 4081 497 4146 exhaustus
521 4085 589 4146 erat
611 4079 724 4146 codex:
748 4099 811 4145 non
832 4100 904 4146 raro
919 4080 1059 4163 legentes
1082 4085 1228 4147 errarunt
