3036 4914
816 487 902 531 XVIII

326 645 488 710 censiones
512 665 575 710 uou
598 645 720 731 priores
737 665 814 727 esse,
840 644 895 710 sed
913 645 1101 728 posteriores
1118 663 1210 728 quam
1229 665 1266 707 a:
1291 642 1390 708 multo
1433 611 1436 616 Ι

327 769 549 854 simpliciorem
579 769 677 834 uides
697 769 730 833 in
759 767 818 834 huo
846 786 1041 850 sermonem,
1077 786 1172 850 quam
1201 772 1249 832 est
1276 767 1311 831 iu
1339 772 1391 850 βγ,

326 892 426 958 multa
448 893 482 956 iu
505 893 553 957 his
578 913 658 977 quae
679 893 859 976 detorqueri
876 892 952 957 adeo
969 911 1031 957 uon
1047 892 1234 976 potuissent.
1265 890 1392 956 Addam

327 1036 443 1102 pauca:
472 1015 522 1081 Er
546 1015 683 1098 Vergilio
707 1015 816 1082 reficta
839 1016 993 1100 quaedam
1018 1015 1153 1081 suntab
1181 1013 1392 1082 emendatori-

328 1140 385 1206 bus
409 1161 488 1224 quae
511 1160 622 1225 parum
648 1160 686 1205 ox
712 1141 883 1222 uergiliano
907 1161 994 1206 more
1017 1140 1102 1206 dicta
1124 1140 1322 1206 uidebantur.
1348 1138 1393 1203 sic

328 1266 393 1330 304
418 1269 526 1329 auctor
548 1265 697 1329 carminis
722 1265 826 1330 studio
849 1265 994 1331 uarieudi
1011 1265 1188 1349 uergiliana
1204 1265 1318 1352 ductus
1334 1263 1392 1326 ait:

372 1389 549 1474 Postquam
571 1391 673 1475 epulis
697 1390 864 1475 absumpta
888 1394 974 1474 qutec
997 1414 1182 1477 mensaeque
1197 1402 1335 1454 remotae
1351 1421 1392 1431 -

327 1532 390 1578 nou
414 1512 600 1593 intellegens
624 1513 699 1595 quid
722 1513 775 1578 ille
799 1513 858 1578 sibi
882 1514 1027 1597 uoluerit,
1053 1515 1099 1580 sic
1122 1513 1292 1580 inmutauit
1315 1518 1352 1596 βε

373 1638 512 1722 Postque
535 1640 645 1724 epulas
669 1651 832 1724 assumpta
856 1642 944 1723 quies
966 1663 1151 1726 mettoeoque
1174 1651 1308 1703 remotae
1325 1671 1367 1682 -·

328 1760 458 1846 propius
483 1761 522 1826 ad
546 1761 754 1843 uergiliauum
779 1763 940 1848 exemplar
962 1762 1091 1828 refinxit
1113 1786 1149 1845 γε
1247 1745 1253 1759 ’

373 1887 548 1971 Postquam
572 1889 673 1972 epatis
697 1889 830 1973 depulsa
844 1889 952 1972 fumea
974 1912 1013 1952 m.
1032 1913 1062 1951 u.

418 2007 536 2075 Iterum
553 2009 615 2074 797
642 2029 712 2076 cum
736 2030 835 2094 aeque
860 2030 896 2076 ac
918 2030 975 2077 uos
1000 2016 1093 2077 autea
1115 2011 1249 2093 fugisset
1270 2009 1394 2076 romani

329 2138 440 2218 poetae
468 2134 604 2199 imItatio
633 2135 667 2199 iu
696 2134 759 2199 his:
790 2159 890 2222 oeque
919 2141 1001 2200 eoo'm
1029 2141 1056 2201 is
1086 2138 1145 2201 tali
1172 2159 1226 2200 cea
1251 2137 1394 2200 uulneres

330 2272 451 2341 auctor,
475 2257 635 2324 liberrime
657 2265 679 2344 β
702 2261 852 2326 mutauit:
875 2284 932 2324 uec
954 2265 1037 2325 coion
1060 2263 1154 2326 tolum
1176 2265 1243 2325 sine
1266 2261 1394 2326 caluere
1505 2285 1506 2300 r

330 2386 452 2448 transit.

420 2506 504 2571 Num
527 2506 594 2571 ueri
618 2507 720 2572 simile
744 2507 821 2572 haec
843 2509 870 2573 si
886 2508 1021 2574 fuissent
1043 2510 1076 2573 iu
1100 2509 1323 2594 archetypis-a
1344 2527 1393 2571 rs·
1504 2535 1505 2588 i

330 2631 553 2697 tractatoribus
576 2631 647 2695 istis
669 2632 767 2697 fuisse
790 2633 932 2698 mutata?
961 2633 1052 2699 Hunc
1068 2634 1283 2700 innumerum
1300 2633 1392 2698 etiam

331 2757 349 2820 7
354 2756 393 2820 87
412 2755 524 2837 refero,
547 2755 601 2822 ubi
619 2761 735 2843 apetie
749 2780 831 2839 acer,
856 2762 897 2843 βγ
914 2777 953 2822 ex
969 2756 1118 2841 Vergilio,
1141 2759 1229 2822 cuius
1246 2757 1315 2840 quis
1332 2775 1393 2820 uon

329 2878 478 2945 librarius
502 2880 650 2945 hocloco
674 2886 742 2947 erat
765 2902 895 2965 memor,
920 2881 1026 2947 statim
1052 2882 1247 2966 scripserunt
1269 2885 1359 2948 stetit.

345 3100 347 3104 .
419 3003 489 3069 Non
517 3005 614 3087 igitur
640 3005 688 3070 illi
717 3006 792 3089 quid
822 3011 931 3071 auctor
958 3007 1094 3072 uoluerit
1122 3007 1319 3072 attendentes
1346 3005 1394 3069 in·

330 3129 503 3194 consultius
519 3134 731 3195 mutarerunt.
765 3129 943 3216 Scripserat
966 3130 1030 3196 548
1047 3155 1142 3196 cruor
1157 3157 1199 3196 aa
1215 3154 1333 3196 coecus
1347 3153 1395 3194 rue

331 3257 481 3320 uasere
505 3273 647 3319 cruorem
671 3253 778 3320 diceus
803 3256 885 3338 quod
908 3255 970 3341 ipsi
994 3275 1117 3338 nocere,
1141 3257 1244 3340 ipsum
1267 3255 1318 3320 uel
1340 3273 1394 3318 no·

331 3383 454 3444 centem
476 3378 580 3444 iacere
604 3384 711 3463 posset
732 3379 784 3444 uel
808 3380 901 3444 etiam
928 3399 1092 3460 accusare3
1116 3385 1223 3445 tamen
1240 3379 1287 3444 illi
1304 3401 1395 3442 eruor
1501 3441 1502 3462 ζ

250 3529 254 3536 ·
330 3507 494 3569 innocuas.
543 3505 629 3567 1036
658 3527 759 3568 eorem
789 3504 856 3569 siue
886 3508 1016 3590 propter
1049 3508 1166 3569 uiridis
1195 3504 1393 3583 adiectiuum,

333 3627 387 3711 qui
402 3633 450 3693 est
466 3626 607 3712 chalybis
622 3627 708 3692 color
728 3629 780 3706 (cf.
798 3629 983 3712 caeruleus),
1008 3629 1075 3694 siue
1090 3635 1221 3714 propter
1237 3629 1397 3694 caecandi

331 3751 519 3817 insolentem
544 3772 645 3835 usum,
671 3753 806 3818 alterio
830 3757 937 3819 aedem
959 3744 1040 3820 alter
1062 3754 1093 3818 iu
1117 3756 1227 3818 cluam
1250 3751 1394 3818 mutauit.
1500 3743 1501 3760 ³

334 3876 420 3942 1086
444 3889 537 3941 autea
560 3881 631 3963 quio
644 3879 773 3962 fuimus
797 3880 928 3944 subiecti
949 3897 1020 3943 cum
1037 3878 1155 3944 diceret
1171 3882 1290 3960 auctor,
1312 3874 1395 3943 Huni
1499 3963 1500 3966 Ἴ

332 4001 438 4066 auimo
467 4000 731 4086 obuersabautur,
768 4002 881 4088 quibus
910 4002 1043 4069 subiecti
1070 4003 1196 4068 fueraut
1226 4000 1395 4067 Gibichcue
1499 3995 1500 4012 ¹

333 4131 485 4208 regnante
508 4124 639 4192 Franci:
671 4132 703 4192 at
721 4129 861 4212 foedera
889 4129 998 4224 statim
1027 4129 1175 4192 dissoluit
1204 4125 1394 4192 Guntharius
