3036 4914
638 452 707 498 bxv

228 607 301 676 Siue
330 610 377 675 ita
404 609 472 676 siue
507 608 598 674 aliter
632 609 691 675 hoc
724 610 843 675 factum
878 614 940 692 est,
976 609 1139 694 utriusque
1173 613 1205 674 et

14 687 15 720 ἶ
140 731 320 798 Ekkehardi
345 739 377 799 et
400 731 527 800 Goraldi
557 731 716 800 silentium
747 739 871 800 tantum
902 731 992 799 abest
1018 739 1055 798 ut
1077 738 1204 799 nostrae

139 855 333 923 coniecturae
357 857 551 942 aduersetur,
575 864 611 924 ut
634 863 785 942 augeatur
808 857 904 924 etiam
928 858 1064 944 suspicio
1089 858 1203 924 infensi

139 979 256 1064 aliquid
288 982 470 1049 interfuisse
504 983 588 1050 inter
621 983 699 1049 istos
737 983 833 1049 uiros.
884 982 1044 1068 Inprimis·
1068 980 1204 1048 Goraldo

138 1105 311 1172 iniunctum
346 1111 414 1174 erat
442 1106 580 1174 cilicium
608 1107 785 1193 exponendi
814 1127 907 1192 quam
943 1107 1099 1174 rationem
1122 1113 1205 1173 esset

138 1233 276 1296 secutus:
313 1236 347 1297 at
380 1232 434 1317 qui
469 1253 506 1298 eo
540 1237 683 1318 tempore
718 1237 809 1298 erant
842 1231 1024 1314 Moguntiae
1063 1232 1136 1316 qnid
1176 1233 1204 1298 ei

137 1354 248 1422 fuisset
277 1355 401 1422 consilii
431 1357 508 1424 eatis
540 1357 699 1441 cognitum
736 1356 908 1440 habebant,
943 1355 1040 1422 latius
1074 1354 1204 1438 uulgare

137 1480 212 1546 istas
237 1479 415 1547 simultates
443 1501 507 1548 non
529 1482 660 1548 decebat
683 1488 813 1568 propter
838 1481 939 1566 ipsius
963 1480 1147 1546 Ekkebardi
1172 1481 1203 1546 iu

139 1603 209 1670 aula
233 1604 498 1692 archiepiscopali
521 1606 718 1690 dignitatem.
757 1605 818 1672 Hic
842 1611 945 1672 autem
976 1611 1048 1692 post
1070 1605 1101 1671 id
1125 1611 1218 1693 tom-¹

139 1748 207 1813 pus,
233 1749 304 1795 oum
329 1735 493 1797 enarraret
518 1730 670 1797 fratribus
693 1731 877 1796 monasterii
901 1731 951 1795 sui
974 1750 1075 1813 casus,
1099 1730 1205 1796 Ekke-

137 1851 227 1919 bardi
251 1855 345 1940 primi
368 1875 535 1923 recensens
559 1856 694 1941 scripta,
725 1861 761 1920 ut
784 1875 912 1940 operam
936 1854 975 1920 ab
998 1855 1069 1940 ipso
1092 1855 1205 1941 inpen-

137 1997 203 2044 sam
220 1977 397 2046 Waltbario
419 1981 551 2048 reticere
566 2001 629 2048 non
645 1979 789 2064 debebat,
812 1979 858 2046 ita
878 1979 979 2045 uoluit
996 1979 1058 2046 ista
1075 1979 1206 2046 dissidia
1285 2047 1287 2051 Α

137 2123 216 2187 quae
238 2102 397 2171 obliuione
421 2105 534 2172 obruta
556 2109 648 2172 erant
664 2105 696 2171 in
711 2104 898 2171 memoriam
914 2123 1080 2169 reuocare:
1104 2104 1205 2170 inuito

137 2233 242 2294 tamen
273 2229 307 2294 ni
335 2229 428 2296 iallor
463 2230 581 2296 excidit
611 2229 742 2296 uerbum
779 2228 863 2313 quod
898 2227 951 2312 qui
980 2235 1095 2295 norant
1122 2229 1206 2296 facta

143 2352 327 2438 intellegere
355 2360 516 2441 poterant:
546 2355 592 2421 ait
619 2353 718 2421 enim:
749 2377 814 2442 pro
841 2377 934 2440 posse
962 2367 991 2419 er
1016 2377 1108 2420 cosae
1136 2375 1205 2420 cor-

143 2482 294 2546 recturas,
333 2479 393 2546 boo
420 2479 516 2546 uerbo
545 2500 585 2546 ne
611 2480 754 2546 modeste
782 2478 927 2562 exiguam
956 2499 1044 2544 suam
1078 2499 1206 2564 operam
1278 2527 1285 2538 .

145 2604 323 2690 professum
348 2605 485 2687 credam,
509 2605 680 2672 insolenter
697 2604 782 2670 diota
796 2604 835 2670 de
858 2603 994 2670 auctoris
1007 2605 1207 2669 teutonismis

136 2728 323 2815 prohibent:
351 2726 482 2796 debetur
505 2729 611 2815 potius
634 2729 738 2796 studio
763 2749 797 2795 se
820 2727 1008 2795 defendendi
1030 2727 1144 2795 leuiter
1167 2729 1206 2795 ab

136 2853 255 2944 iniquis
280 2875 358 2940 quos
381 2854 456 2922 olim
480 2874 592 2940 passus
615 2860 683 2921 erat
705 2852 978 2920 obtrectatoribus.

225 2978 341 3046 Incidit
368 2978 593 3046 Ercbamboldi
627 2999 712 3046 mors
740 2981 774 3044 in
810 2999 927 3046 annum
964 2979 1066 3058 1021;
1104 2999 1206 3080 neque

137 3102 239 3170 multo
265 3110 339 3170 ante
355 3101 510 3171 Geraldus
526 3102 734 3170 Waltbarium
759 3103 895 3170 edidisse
911 3103 1036 3170 uidetur
1058 3105 1097 3170 de
1114 3105 1207 3190 torpa

134 3243 323 3318 promptum
354 3253 448 3295 cara:
477 3229 554 3295 haec
581 3250 645 3296 non
674 3234 740 3296 tarn
770 3229 950 3314 significant
976 3228 1103 3311 longum
1128 3234 1207 3324 tem·

140 3355 228 3440 poris
253 3343 392 3438 spatium
418 3374 511 3438 quam
536 3355 691 3421 intentum
715 3354 870 3437 studium3
900 3355 939 3421 ad
962 3353 1085 3440 priores
1108 3374 1207 3420 annos

137 3477 418 3546 Ercbamboldiani
446 3479 536 3562 regni
564 3479 691 3545 initium
721 3480 787 3546 eius
815 3478 933 3547 laboris
961 3499 1110 3546 reuocare
1144 3501 1206 3545 non

138 3609 265 3690 cogunt
304 3603 413 3689 Neque
441 3609 526 3670 recte
550 3605 686 3671 conicias
715 3625 822 3672 sonem
853 3611 928 3672 tunc
956 3625 1026 3671 oum
1056 3604 1208 3671 scriberet

138 3727 310 3796 Geraldum
333 3729 430 3796 fuisse
454 3747 493 3796 ex
516 3749 547 3794 u.
565 3730 625 3794 20:
656 3731 818 3796 Perductus
850 3732 998 3818 loapueuo'
1023 3733 1151 3816 sirimpit
1172 3734 1207 3794 ire

138 3855 248 3942 ampla
277 3856 357 3935 diei,
388 3853 501 3938 quibus
530 3873 601 3920 cnm
624 3874 655 3919 u.
676 3855 717 3919 19
743 3854 821 3922 baec
851 3855 1110 3941 praemittantur:
1138 3855 1206 3919 Ia-

141 3981 278 4046 deudam
305 3982 409 4066 crepis
438 3991 483 4044 eet
509 3981 673 4044 dominam
700 4003 797 4066 quum
818 3983 860 4046 :a
882 3982 1085 4068 repetandam
1113 3985 1207 4064 atque

144 4123 177 4170 u.
196 4104 235 4170 17
267 4103 345 4170 Neo
374 4107 461 4168 :aare
486 4104 572 4169 almo
601 4105 667 4187 dei,
703 4104 741 4171 de
768 4103 842 4171 libri
876 4102 981 4170 indole
1012 4124 1050 4170 ea
1084 4123 1208 4189 quoqne

940 4241 956 4280 θ
