3036 4914
685 467 728 513 LV

166 645 264 709 quam
286 623 466 708 Mogontiae
489 625 584 710 positi
607 625 746 692 Aribone
770 625 1005 712 archiepiscopo
1028 625 1155 692 iubente
1178 647 1235 712 pro

164 769 262 835 posse
297 755 328 814 et
361 769 454 815 nosse
489 754 597 815 nostro
632 751 846 830 correximus3
885 749 1047 817 barbaries
1082 751 1164 818 enim
1205 755 1238 817 st

164 872 321 938 idiomata
349 873 416 939 eius
443 872 617 940 Teutonem
646 875 748 941 adbuc
777 873 974 942 affectantem
1004 880 1134 961 repente
1164 874 1237 940 lati·

164 1017 245 1066 num
268 995 338 1063 fieri
361 1017 425 1063 non
450 998 622 1083 potiuntur.
662 997 752 1066 Unde
775 1000 857 1066 mele
881 999 992 1066 docere
1017 998 1119 1065 solent
1142 998 1236 1064 disci·

164 1120 259 1206 pulos
289 1117 556 1205 semimogistri¹²l
587 1123 741 1190 dieentes:
779 1123 911 1208 „Videte
945 1123 1101 1209 quomodo
1137 1123 1237 1189 diser·

163 1247 290 1312 tissime
313 1265 419 1312 coram
444 1246 584 1314 Tentone
609 1247 713 1332 aliquo
736 1247 881 1334 proloqui
911 1249 1035 1331 deceat,
1065 1252 1096 1313 et
1124 1246 1235 1313 eadem

163 1371 251 1437 serie
274 1370 307 1436 in
330 1370 463 1438 latinum
488 1371 585 1437 uerba
608 1371 754 1439 uertite.“
794 1372 880 1452 Quae
905 1372 1047 1458 deceptio
1070 1370 1235 1437 Eldrehar·

162 1495 244 1560 dum
267 1495 302 1560 in
325 1515 420 1580 opere
443 1494 497 1560 illo
522 1495 623 1562 adbuc
648 1518 778 1584 puerum
801 1496 929 1582 fefollit,
960 1497 1015 1563 sed
1040 1501 1149 1583 postea
1171 1516 1236 1562 non

163 1614 275 1703 sic¹³)‚
304 1626 340 1685 ut
363 1620 397 1685 in
418 1620 495 1686 lidio
520 1619 778 1688 charromannico
788 1617 838 1705 ¹⁴),
871 1621 973 1706 „Molo
997 1627 1032 1688 ut
1045 1618 1235 1702 ‘uincendi“‚

166 1743 264 1830 „lpse
283 1763 410 1829 -quoquo
434 1741 667 1831 opponam“¹⁵).

259 1867 328 1934 Hoo
365 1867 404 1935 de
443 1867 610 1936 Waltharii
650 1875 776 1935 auctore
814 1870 1028 1936 testimonium
1068 1870 1236 1955 quominus

167 1992 436 2078 amplecterentur
460 1993 582 2079 priores
610 1992 654 2059 nil
683 1993 746 2059 nisi
769 1992 897 2061 Geraldi
926 1993 1074 2080 prologus
1103 1994 1235 2076 obstitit,

167 2117 258 2184 cuius
282 2138 358 2184 sane
381 2117 479 2184 uerba
502 2138 540 2184 ea
563 2123 647 2202 sunt,
672 2123 707 2184 ut
729 2119 798 2204 ipse
822 2118 965 2185 uideatur
979 2175 980 2180 ,
993 2119 1053 2185 sibi
1077 2116 1145 2184 eius
1167 2137 1236 2184 cor·

242 2309 276 2374 1¹)
296 2268 497 2381 „bulbpebildele
514 2310 612 2365 lebrer“
639 2310 774 2379 intellegit
792 2310 915 2381 Geyder,
937 2311 1113 2379 „balbmer'ster
1132 2318 1157 2362 s‘.
1176 2329 1234 2363 cur·

167 2413 254 2470 ntes“
280 2416 417 2487 Pertzius3
445 2415 611 2472 San-Marte
638 2418 708 2472 conl.
728 2433 754 2486 p.
775 2418 840 2486 144,
858 2417 893 2472 43
906 2432 928 2471 s.
957 2416 1088 2470 minorem
1116 2416 1236 2470 muneris

167 2527 378 2592 praeceptorum
397 2523 522 2592 gradum.
545 2522 579 2578 ei.
593 2539 664 2592 quae
682 2530 829 2579 occurrunt
847 2523 921 2593 apud
934 2523 1067 2592 cangium
1086 2537 1148 2577 eum
1167 2523 1236 2577 semi

168 2630 321 2699 conposite.
389 2627 427 2696 vl³)
453 2628 488 2684 ni.
508 2630 657 2700 pstea:
682 2631 727 2685 ced
751 2630 827 2684 bodie
848 2648 899 2683 non
921 2637 972 2693 sic,
997 2646 1023 2698 p.
1041 2630 1100 2698 122,
1113 2630 1162 2684 31:
1186 2628 1236 2684 sed

168 2741 339 2816 postesnon
359 2735 405 2790 its.
479 2737 511 2802 ι1)
531 2751 640 2791 carmen
664 2737 692 2792 in
717 2736 874 2790 memoriam
895 2735 1070 2790 Karlomsnni
1094 2734 1182 2804 regis,
1205 2739 1237 2790 ut

169 2845 266 2896 censet
290 2842 309 2896 1.
323 2841 358 2896 de
371 2842 445 2910 Arx,
473 2842 551 2897 euius
579 2857 678 2897 nomen
707 2843 747 2896 sie
771 2842 902 2911 scriptum
926 2845 1002 2896 extet
1025 2842 1053 2896 in
1080 2840 1236 2910 necrologio

170 2965 196 3003 n.
210 2949 264 3003 915
286 2953 370 3018 etque
392 2949 419 3003 in
442 2947 571 3003 breuibus
595 2947 739 3003 annalibus
764 2947 986 3002 conicientes.
1018 2951 1100 3016 atque
1126 2962 1237 3002 carmen

170 3055 236 3109 illud
265 3069 299 3110 ex
326 3055 483 3124 germanico
511 3070 620 3110 uersum
650 3069 684 3108 ex
708 3053 863 3108 chronistae
888 3052 980 3108 uerbis
1003 3053 1102 3108 iniuria
1120 3053 1237 3108 coniecit

171 3161 351 3231 San-Marte3
375 3161 422 3231 qui
441 3163 566 3216 extitisse
585 3159 696 3231 quidem
716 3159 830 3228 uulgare
849 3174 959 3214 carmen
977 3159 1005 3214 iu
1024 3159 1235 3214 Oarlomsnnum

171 3267 270 3338 probat
288 3283 323 3322 ex
341 3269 427 3324 Poeta
445 3267 552 3323 Saxons
572 3285 598 3322 v.
614 3269 672 3322 120.
705 3266 760 3322 Sed
786 3265 984 3321 dubitationem
1008 3265 1126 3320 nominis
1149 3264 1237 3321 forme

172 3380 265 3430 mouet
283 3389 433 3444 summam,
456 3390 527 3444 quae
545 3374 637 3444 potius
656 3373 898 3428 Herimannum
925 3371 1061 3442 quendam
1081 3370 1237 3442 significare

172 3481 289 3536 uidetur.
345 3482 378 3546 ¹⁵)
396 3480 449 3536 hoc
467 3495 577 3551 quoque
595 3481 718 3550 ignotum
756 3481 902 3535 Praeterea
920 3478 1067 3534 laudantur
1078 3479 1106 3533 in
1120 3477 1236 3534 Casibus

171 3588 275 3642 Versus
294 3586 349 3641 duo
362 3585 521 3642 Ekkehardi
539 3588 567 3641 in
586 3586 745 3642 Rachildem
764 3585 954 3642 consobrinam
972 3601 1000 3656 p.
1016 3587 1075 3654 119,
1088 3585 1131 3654 38,
1151 3586 1236 3640 incer-

172 3700 229 3750 tum
248 3667 339 3748 utrum
357 3693 473 3762 longiori
492 3709 527 3748 ex
545 3693 665 3748 carmine
684 3693 763 3763 potiti
782 3709 817 3749 an
836 3688 886 3762 per'
903 3665 1011 3746 selecti
1024 3690 1134 3747 luerint.
1159 3707 1236 3748 acee-

171 3800 213 3856 dit
230 3771 374 3869 sequeutis
392 3797 427 3854 de
440 3798 467 3854 S.
481 3799 659 3855 Constantino
673 3803 801 3870 martyre,
820 3814 902 3868 quam
922 3813 957 3854 ex
975 3797 1138 3854 auctoritate
1151 3799 1235 3853 Bran·

172 3905 228 3962 deri
253 3905 371 3975 l„(tredo
389 3906 464 3976 quod
482 3906 519 3962 sit
536 3905 696 3962 Eklrebardi
715 3905 854 3974 maioris)
879 3910 972 3960 nostro
997 3903 1127 3960 tributam
1151 3903 1237 3959 edidit

172 4013 295 4068 G.llorel
313 4013 360 4068 lat.
373 4012 493 4084 hymnen
505 4029 531 4067 ιι.
545 4013 612 4068 383:
636 4027 725 4082 neque
743 4026 809 4066 casu
822 4011 959 4066 effectum
978 4011 1060 4066 credo
1081 4011 1156 4079 quod
1176 4011 1236 4064 eius

174 4117 259 4174 uerba
277 4117 412 4189 quaedam
432 4134 457 4173 ιι.
475 4119 507 4172 16
525 4133 588 4172 cnm
608 4117 751 4175 Waltharii
770 4133 798 4172 u.
811 4119 865 4173 512
883 4117 1066 4172 consentiunt.
