3022 4920
295 1193 556 1288 canonici
590 1191 1008 1288 NOUALIOIENSIS

559 1345 577 1398 l.
591 1345 618 1398 11
636 1360 659 1399 c.
672 1345 699 1399 8.
712 1345 738 1399 9.

173 1701 206 1765 8.
251 1699 316 1766 Hic
354 1719 428 1782 ergo
466 1697 637 1766 Waltarius
683 1701 753 1784 quis
792 1699 843 1767 uel
880 1701 964 1767 unde
1002 1701 1184 1786 nuperrime
1224 1683 1231 1698 ’

103 1823 221 1908 fuerit,
256 1822 310 1890 uel
341 1844 360 1889 a
388 1845 449 1908 quo
473 1828 563 1909 patre
594 1826 718 1907 genitus
749 1827 805 1908 sit,
836 1845 899 1892 non
928 1831 976 1890 est
1002 1824 1118 1890 bonum
1142 1825 1184 1889 si-

105 1947 213 2014 lenoio
247 1949 450 2014 abscondere:
494 1947 568 2014 Fuit
598 1949 680 2014 enim
712 1949 837 2034 quidam
867 1971 924 2016 rex
952 1951 984 2015 in
1012 1947 1185 2034 A'quitanie

107 2093 247 2157 regnum
279 2073 406 2138 nomine
429 2072 567 2138 Alfenus.
607 2073 668 2140 Hic
695 2075 734 2140 de
762 2075 893 2157 coniuge
916 2075 1046 2160 propria
1074 2075 1185 2141 habuit

74 2198 209 2268 sfilium
254 2197 384 2263 nomine
421 2195 626 2282 Waltarium,
670 2219 763 2282 quem
806 2220 903 2284 supra
939 2199 1182 2265 nominauimns.

105 2323 211 2388 Huius
254 2321 450 2406 temporibus
478 2322 511 2388 in
539 2321 721 2406 Burgundio
749 2344 880 2408 regnum
922 2323 1002 2389 alius
1038 2345 1094 2390 rex
1129 2345 1183 2390 ex·
1287 2371 1290 2379 -

106 2449 220 2514 litarat
246 2447 375 2512 nomine
398 2445 556 2531 Eriricus,
586 2448 638 2532 qui
668 2448 814 2515 similiter
836 2447 946 2514 habuit
969 2447 1067 2514 filiam
1090 2449 1184 2516 ualde

107 2571 263 2639 decoram
286 2571 414 2636 nomine
430 2570 645 2655 lldegundam.
680 2571 733 2638 Hii
758 2593 833 2638 uero
857 2594 946 2656 reges
969 2574 1182 2640 iuramentum

106 2695 192 2764 inter
223 2717 261 2763 se
289 2695 457 2779 dederant,
494 2703 530 2762 ut
558 2697 682 2780 quando
712 2697 775 2784 ipsi
809 2698 899 2783 pueri
935 2697 975 2762 ad
1007 2697 1181 2781 legitimam

62 2833 90 2886 10
108 2827 227 2888 etatem
255 2820 402 2906 primitus
431 2821 609 2904 uenissent,
642 2843 675 2886 se
700 2823 836 2888 inuicem
861 2823 1034 2907 sociarent,
1064 2823 1184 2890 scilicet

108 2953 335 3030 cum·tempus
359 2944 498 3010 nubendi
520 2944 583 3009 illis
607 2945 755 3011 uenisset.
799 2946 859 3024 Qui
883 2967 956 3029 ergo
980 2949 1071 3032 pueri
1094 2953 1182 3016 ante-

108 3089 206 3152 quam
240 3091 274 3136 se
303 3069 474 3154 sociarent,
506 3069 647 3135 subiecta
677 3075 751 3135 sunt
777 3089 875 3152 regna
903 3075 1028 3154 patrum
1053 3092 1181 3139 suorum

109 3200 206 3279 atque
237 3194 299 3280 ipsi
329 3193 453 3259 obsides
477 3193 542 3259 dati
566 3194 623 3260 sub
647 3194 769 3259 dicione
792 3193 874 3278 regis
898 3194 985 3260 Atile
1006 3195 1179 3280 Flagellum

109 3316 187 3405 Dei,
221 3320 275 3404 qui
303 3338 492 3384 eos-secum
522 3319 657 3384 duruerat
685 3338 756 3384 cum
778 3317 931 3401 Aganonc
960 3319 1068 3388 obside
1098 3323 1181 3406 regis

62 3452 92 3506 15
109 3439 306 3512 Francorum
330 3445 457 3510 nomine
480 3442 600 3510 Gibico.

178 3571 211 3636 9.
236 3568 290 3635 Hii
313 3588 450 3653 namque
473 3569 563 3654 pueri
578 3567 681 3635 Attila
703 3589 798 3635 causa
814 3567 985 3634 obsidionis
1009 3571 1180 3655 apropriis

111 3694 271 3782 accipiens
295 3693 479 3779 patronibus
508 3713 579 3760 cum
608 3694 750 3759 maxima
776 3693 925 3778 pecunia,
955 3693 995 3758 ad
1023 3714 1080 3759 sua
1108 3714 1179 3761 cum

112 3819 178 3885 suis
202 3818 319 3906 repetit
342 3838 428 3883 arua.
476 3817 528 3884 Sic
552 3818 679 3902 quidam
703 3819 931 3884 metricanorus
954 3817 993 3884 de
1016 3818 1094 3905 ipsis
1119 3819 1178 3885 ait:
1232 3909 1233 3914 ἵ
1333 3837 1339 3848 ’

113 3973 325 3988 —n———u—

184 4064 201 4116 4
229 4062 348 4118 Alterius
419 4066 436 4118 5
465 4064 612 4118 Waltarius
685 4065 700 4117 7
729 4063 847 4119 Oriricus
871 4063 942 4120 Mur.
962 4072 986 4119 et
1006 4065 1113 4129 Bellum„
1132 4083 1178 4136 eye

113 4165 242 4222 Eriricius
315 4171 347 4224 17
375 4170 497 4239 patronis
571 4171 604 4224 18
631 4169 731 4224 rediuit
748 4185 817 4225 arua
888 4171 922 4224 18
949 4169 1059 4239 quidem

912 4273 953 4329 qu
