3036 4914
786 444 821 488 VI

315 603 349 668 ni
377 602 399 667 f.
430 603 587 680 (0.1780
616 600 831 684 stuttgardiae
866 600 920 666 ille
948 600 1100 683 degebat)
1129 601 1244 666 missus
1279 605 1337 666 est.

316 725 405 792 cuius
449 727 483 791 in
529 725 717 791 bibliotheca
760 725 865 790 uisum
906 724 1086 808 Halasque.
1111 725 1300 809 permissum
1312 721 1339 804 *J

317 849 445 916 Fischer
468 869 496 914 a.
515 850 600 914 1779
617 848 751 915 describi
773 844 913 927 iussit**)
938 853 1031 931 atque
1055 867 1137 913 auno
1159 848 1339 932 insequenti

318 973 417 1040 edidit
431 972 558 1058 Lipsiae
577 973 672 1036 1780.
697 972 767 1057 Ipse
782 971 914 1037 Fischer
927 970 1030 1056 qualis
1047 977 1130 1037 esset
1149 972 1228 1038 liber
1252 978 1284 1039 et
1305 971 1340 1037 in

318 1097 524 1182 praefationis
553 1116 584 1180 p.
605 1094 645 1161 Vl
677 1101 708 1162 et
736 1097 769 1161 io
799 1094 879 1160 libro
912 1094 1035 1178 „Sitten
1063 1096 1128 1160 und
1156 1093 1341 1161 Gebrauehe

318 1221 374 1287 der
388 1218 552 1305 Europaer
566 1220 610 1284 im
623 1219 660 1285 V.
677 1219 742 1284 und
754 1219 805 1284 VI.
822 1216 954 1284 Jahrh.“
982 1217 1112 1284 Franks.
1132 1221 1169 1284 17
1174 1220 1217 1284 84
1232 1240 1264 1304 p.
1278 1220 1297 1283 9
1314 1241 1340 1284 0.

319 1349 382 1410 tam
410 1343 545 1410 dilucide
569 1344 725 1429 exposuit,
748 1347 784 1408 ot
807 1343 869 1408 iam
893 1361 956 1408 non
980 1349 1064 1408 esset
1085 1362 1141 1408 cur
1164 1343 1234 1426 quis
1258 1342 1342 1408 hios-

242 1527 245 1531 .
319 1469 498 1533 hemianum
523 1467 562 1533 ab
579 1466 818 1550 stuttgardiano
843 1466 1004 1532 diuersum
1027 1467 1184 1532 crederet:
1209 1467 1344 1532 credidit

319 1597 426 1657 tamen
464 1611 536 1656 cum
575 1590 645 1656 aliis
685 1589 889 1674 IGrimmius,
931 1590 985 1674 qui
1022 1589 1231 1656 Moshemiani
1268 1590 1343 1656 libri

319 1715 469 1782 lectiones
504 1735 543 1780 ex
577 1714 778 1780 Fischeriano
813 1713 957 1799 exemplo
991 1715 1142 1798 repetitas
1172 1713 1197 1783 (1
1224 1714 1343 1798 littera,

322 1838 552 1920 Stuttgardiani
581 1838 655 1905 libri
685 1837 894 1912 conlationem
925 1857 943 1903 a
971 1836 1077 1903 Morio
1106 1837 1289 1904 exhibitam,
1309 1838 1343 1903 iu

286 1993 289 2000 ·
321 1963 478 2045 Anzeiger
498 1962 527 2028 V
548 1963 614 2027 415
635 1983 659 2028 s.
699 1960 726 2027 E
755 1962 863 2027 littera
890 1962 1068 2045 insigniuit3
1101 1983 1239 2028 errorem
1267 1962 1343 2028 olim

321 2085 567 2167 Reiffeubergius
606 2085 828 2173 deprehendit:
871 2086 1047 2152 certissima
1084 2087 1267 2175 testimonia
1305 2107 1344 2152 ex

321 2230 475 2279 consensu
498 2209 612 2277 OetE
638 2210 771 2296 proferri
795 2203 938 2296 possunt,
962 2209 1050 2285 uelut
1071 2210 1155 2295 quod
1170 2211 1233 2277 457
1260 2209 1346 2276 calce

321 2341 432 2400 natore
455 2335 521 2399 924
543 2335 659 2399 inertia
681 2333 745 2400 tela
767 2334 893 2417 legitur,
917 2354 947 2399 0.
965 2335 1031 2399 944
1047 2333 1253 2400 desiderator.
1277 2334 1346 2400 Mo-

322 2457 495 2524 nasterium
520 2463 635 2542 autem,
659 2458 742 2524 uude
761 2456 946 2541 Gottingam
971 2459 1086 2524 missus
1110 2463 1157 2525 est
1180 2458 1232 2524 hic
1254 2457 1345 2542 liber,

321 2603 384 2649 non
424 2581 552 2647 dubium
595 2583 671 2666 quin
713 2582 810 2647 fuerit
851 2581 910 2647 Sti
945 2581 1181 2649 Emmerami
1216 2583 1346 2648 Ratis-

324 2708 502 2775 bonense.
550 2705 648 2772 Plane
682 2706 766 2772 enim
802 2713 979 2788 congruunt
1014 2726 1094 2790 quae
1129 2727 1168 2772 ex
1202 2707 1346 2790 catalogo

322 2831 574 2898 Emmeramensi
608 2830 741 2916 protulit
769 2829 941 2896 Schmeller
974 2830 1008 2895 in
1038 2829 1175 2916 Serapeo
1205 2831 1233 2896 ll
1263 2832 1345 2897 265:

326 2955 488 3040 „Historia
509 2954 629 3022 Attilae
652 2955 735 3037 regis
758 2955 890 3020 metrica
913 2954 968 3020 sed
991 2953 1053 3020 tine
1080 2974 1190 3020 cerens
1214 2960 1245 3021 et
1268 2955 1347 3021 iuci-

323 3080 386 3165 pit:
416 3079 524 3145 Tertia
553 3087 626 3164 pars
655 3078 739 3144 orbis
767 3079 882 3142 fratres
910 3077 1039 3163 Europa
1067 3083 1198 3145 uocatur
1227 3084 1285 3144 eto.
1315 3085 1349 3145 et

326 3208 400 3268 sunt
426 3210 491 3268 tres
522 3202 730 3286 quaterniculi
758 3201 941 3287 paruissimi
973 3202 1140 3286 minusque
1170 3201 1345 3286 legibiles“

325 3326 434 3410 Neque
458 3325 555 3390 alium
573 3323 689 3392 librum
712 3325 905 3410 significasse
929 3325 1087 3411 putandus
1108 3326 1151 3392 Io.
1171 3327 1347 3394 Auentinus

325 3449 442 3516 Annal.
463 3449 613 3515 Boiorum
642 3449 670 3514 lI
691 3469 717 3516 o.
741 3450 800 3516 53:
833 3449 969 3535 „Repeti
996 3449 1207 3532 Reginoborgi
1234 3451 1267 3516 in
1293 3450 1348 3517 Bi-

327 3573 481 3640 bliotheco
504 3573 569 3638 diui
585 3572 770 3639 Haimerani
792 3573 830 3639 de
853 3574 947 3640 rebus
971 3573 1010 3639 ab
1027 3573 1128 3639 Attila
1150 3576 1247 3658 gestis
1268 3594 1347 3659 opus

354 3765 384 3832 i⁹)
403 3781 501 3835 „quem
520 3780 582 3820 cum
600 3765 636 3820 ad
655 3781 698 3820 me
716 3765 900 3834 permisisset“
919 3763 1032 3848 Fischer
1049 3765 1077 3820 ia
1095 3765 1181 3835 praef.
1200 3782 1228 3836 p.
1239 3767 1300 3822 v11.

337 3869 386 3937 aa)
404 3871 463 3940 ipse
476 3852 642 3926 Moshemius
661 3872 762 3926 rectius
780 3870 915 3939 quaedam
933 3871 1001 3940 legit
1019 3887 1101 3940 quam
1120 3872 1166 3941 qui
1186 3873 1213 3926 in
1233 3872 1347 3927 editoris

283 3991 362 4032 usum
386 3976 485 4032 librum
509 3977 667 4046 descripsit:
696 3975 838 4032 Mouhemii
866 3981 1036 4032 correcturas
1065 3991 1127 4032 0000
1153 3978 1213 4048 ipse
1235 3977 1347 4033 Fischer

284 4081 459 4143 existimabat
477 4082 533 4141 uid.
547 4083 622 4140 illum
641 4083 675 4141 ad
694 4085 770 4140 012
791 4084 844 4141 306
866 4083 919 4141 309
941 4083 1002 4140 561.
