3036 4914
754 415 814 464 nm

250 574 383 659 Leyseri
410 572 479 638 loco
503 595 533 659 p.
544 575 617 638 1310
644 574 757 640 ductus
779 573 1000 640 Eukehardum
1026 573 1133 640 Sancti
1156 572 1238 641 Galli
1263 575 1317 643 de·

249 692 396 778 cunum*)
426 698 527 763 nostri
557 699 706 765 carminis
738 703 897 766 auctorem
922 719 990 765 esse
1014 700 1252 785 pronuntiauit3
1281 721 1317 766 ae

248 821 376 888 tertium
395 822 521 906 quidem
539 843 576 888 ex
594 829 742 908 quattuor
758 823 807 889 uel
827 825 964 908 quinque
987 825 1207 907 cognominum
1231 823 1316 890 illius

249 947 434 1012 monasterii
456 947 589 1013 fratrum
614 967 683 1014 cum
707 947 844 1034 Leyserc
867 949 901 1013 in
925 949 1029 1014 animo
1054 948 1200 1015 habuisse
1231 949 1317 1015 uide-

248 1076 315 1138 tur:
341 1091 433 1156 quem
459 1071 539 1138 alter
561 1091 589 1138 a.
612 1074 706 1156 1040,
731 1071 810 1139 alter
834 1073 940 1140 decem
965 1074 1056 1139 anuis
1080 1078 1153 1159 post
1173 1071 1316 1152 floruisse

247 1195 333 1261 dicit.
373 1194 552 1262 Deductum
575 1196 634 1262 huc
658 1198 725 1263 sine
750 1197 844 1263 dubie
873 1219 912 1263 ex
939 1199 1103 1286 Auoupmu'
1125 1201 1317 1266 Mullicensis

246 1323 286 1386 dc
302 1321 510 1408 acceptoribus
525 1323 740 1387 ecclesiasticis
756 1347 780 1387 c.
799 1316 891 1402 70**)
915 1321 967 1388 ubi
983 1322 1060 1389 haec
1075 1323 1186 1390 habes:
1212 1325 1315 1408 „Elee-

246 1447 367 1511 aarum
402 1447 573 1511 monachus
607 1451 793 1512 monacum·
828 1445 942 1513 Sancti
977 1445 1081 1530 Galli,
1118 1452 1206 1514 acuti
1237 1452 1315 1515 uatis

248 1571 385 1657 lupercii,
408 1585 497 1657 quatu
528 1572 697 1637 Waltdurr'c'
720 1585 815 1637 metro
840 1576 1029 1661 consempsit
1052 1574 1200 1656 Heroicc,
1225 1577 1314 1640 tertio

245 1709 398 1784 reparante
421 1694 610 1762 Huiurieo.“
647 1695 858 1782 Conparauda
881 1697 958 1764 haec
981 1718 1052 1763 cum
1077 1698 1122 1764 eis
1147 1718 1226 1782 quae
1249 1697 1315 1764 Ek-

245 1819 406 1886 kehardus
437 1827 567 1904 quartus
598 1822 664 1886 eius
695 1821 832 1887 nominis
861 1822 894 1887 in
924 1821 1057 1888 Casibus
1087 1821 1135 1888 Sti
1165 1820 1247 1888 Galli
1255 1817 1314 1903 m)

246 1945 286 2010 de
309 1945 412 2030 primu
436 1944 627 2011 Ekkehardu
652 1945 822 2012 memoriae
846 1945 992 2012 tradidit:

339 2069 441 2154 „Nam
473 2071 507 2136 in
535 2069 726 2136 Ekkehardo
754 2076 869 2136 nutura
899 2074 930 2136 et
953 2071 1056 2137 studio
1080 2071 1221 2137 caritatis
1245 2069 1314 2136 dul·

246 2193 357 2262 cedine
380 2194 472 2281 pleno
497 2195 627 2282 spiritus
651 2200 833 2262 cunctorum
858 2180 1062 2279 quieuerat.²j
1088 2231 1128 2240 -
1148 2231 1188 2240 —
1213 2193 1314 2262 Multa

247 2320 286 2386 de
310 2339 346 2385 eo
370 2324 443 2406 post
466 2319 597 2386 dicenda
620 2325 710 2404 sunt,
742 2320 797 2386 sed
824 2320 912 2406 prius
937 2339 955 2385 a
978 2340 1039 2405 quo
1063 2320 1177 2406 spiritu
1201 2320 1313 2386 ductus

247 2445 298 2527 sit,
323 2464 361 2510 ex
385 2445 491 2511 uerbis
513 2444 614 2530 ipsius
637 2445 725 2512 nosci
748 2444 830 2510 licet.
860 2443 995 2532 Scripsit
1017 2446 1101 2511 enim
1125 2444 1234 2511 doctus
1258 2443 1313 2511 ille

246 2571 443 2655 sequentias:
470 2569 641 2656 „Prompta
658 2575 761 2636 mente
777 2565 990 2652 canamus“’)‚
1017 2568 1204 2654 „Summum
1220 2589 1312 2656 prae-

247 2713 355 2761 cenem
389 2689 576 2778 Christi“⁸),
618 2692 703 2778 „Qui
741 2694 883 2760 benedici
920 2689 1104 2780 cupitis“‘)‚
1145 2694 1199 2778 „A
1238 2695 1312 2762 selis

247 2839 458 2846 ..n—mn...-

319 2904 348 2971 *t
367 2904 410 2958 hic
433 2904 528 2958 titulus
553 2909 596 2957 est
619 2909 649 2958 et
671 2905 750 2973 primi
774 2909 802 2958 et
825 2904 897 2959 tertii
917 2903 1089 2960 Ekkehardi:
1115 2905 1197 2960 etiam
1217 2906 1312 2974 quinto

246 3011 328 3066 datur
346 3027 363 3065 a
380 3012 503 3082 Leysero
521 3009 614 3064 nescio
632 3023 687 3078 quo
705 3010 772 3064 iure.
1322 2987 1325 2994 ’

301 3115 348 3184 m³)
367 3114 625 3172 ed.1.A.Fabricius
644 3114 795 3184 Hamburgi
816 3117 885 3170 1718
902 3132 930 3185 p.
946 3116 1004 3170 153.

281 3223 350 3292 urse)
368 3223 412 3279 ed.
425 3223 446 3277 l.
460 3222 495 3278 de
508 3223 565 3277 Arx
584 3223 611 3277 in
630 3223 720 3276 Peutzi
739 3222 802 3278 ΜΜ.
815 3221 864 3277 SS.
878 3222 912 3278 11.

326 3333 348 3398 ¹)
366 3335 492 3385 narratur
515 3329 611 3399 quanti
634 3327 751 3384 honores
776 3329 801 3383 ei
819 3329 915 3384 tributi
939 3329 995 3384 sint
1018 3345 1079 3384 cum
1100 3329 1203 3384 Romae
1228 3336 1310 3386 esset.

246 3439 268 3504 ²)
286 3437 405 3509 hymnus
424 3435 459 3490 de
478 3440 521 3490 sta
539 3435 669 3504 trinitate,
689 3450 723 3489 ex
742 3434 802 3490 cod.
817 3452 843 3490 n.
855 3436 909 3490 380
922 3452 944 3490 s.
959 3436 983 3491 X
1004 3435 1151 3506 descripsit
1163 3435 1310 3508 Greithius‚

245 3544 288 3599 ed.
303 3543 455 3599 San-Marte
473 3559 499 3612 p.
516 3543 574 3596 167.
599 3543 699 3611 legitur
717 3541 799 3596 etiam
818 3541 846 3596 in
865 3541 925 3596 cod.
938 3543 1004 3612 381,
1024 3543 1089 3597 item
1109 3548 1180 3598 teste
1198 3545 1310 3600 Mareliu

245 3669 272 3722 p.
297 3651 314 3704 4
344 3651 372 3706 in
400 3649 476 3704 libris
500 3647 666 3704 Einuidlensi
690 3653 719 3702 et
742 3647 954 3717 Rheuaugiensi.
999 3650 1098 3704 Daniel
1123 3649 1192 3706 thes.
1219 3651 1309 3707 1157.

244 3759 268 3826 ³)
286 3756 312 3812 h.
326 3757 354 3812 in
372 3755 467 3810 laudes
481 3755 516 3810 sti
529 3754 671 3824 Baptistae
688 3769 722 3808 ex
735 3754 795 3808 cod.
809 3755 861 3809 375
875 3771 897 3809 a.
912 3755 964 3809 XII
977 3755 1019 3809 ed.
1034 3755 1190 3812 San-Marte
1201 3773 1229 3827 p.
1245 3759 1309 3828 1683

245 3864 388 3920 autetiam
407 3863 435 3917 in
454 3878 478 3916 c.
491 3862 553 3916 376.
611 3863 633 3927 ⁴)
651 3859 677 3916 h.
697 3861 724 3914 in
743 3859 872 3915 honorem
892 3860 920 3915 S.
935 3863 1091 3918 Benedicti:
1111 3869 1237 3919 seruatus
1257 3865 1308 3918 eis·

244 3971 307 4026 dem
319 3970 404 4025 libris.
424 3968 467 4024 ed.
482 3967 636 4024 San-Marte
649 3984 675 4037 p.
691 3967 742 4022 170
755 3981 789 4021 ex
802 3965 863 4022 ced.
875 3969 937 4038 375,
956 3969 1063 4025 Munius
1076 3969 1115 4023 111
1129 3970 1180 4024 ι227
1194 3972 1231 4037 (u.
1245 3969 1309 4038 841)

245 4091 280 4132 ex
298 4075 454 4132 Monacensi
474 4091 496 4130 s.
510 4075 549 4129 XI
568 4079 597 4128 et
615 4073 809 4130 Caroliruhanu
829 4089 851 4130 ι.
866 4074 927 4130 XV.
