3036 4914
799 439 989 500 XM!¹

307 598 420 666 saltem
446 597 530 664 huno
554 596 671 664 librum
700 597 854 684 seriptum
883 597 1086 666 contendunt
1126 599 1283 686 Epuidem
1314 599 1372 667 hoo

178 708 180 711 ⁵
306 741 371 789 uon
398 722 480 788 tanti
508 720 774 805 existimauerim,
803 726 840 788 ut
861 727 1031 809 propterea
1052 727 1147 790 tenue
1169 723 1254 791 istud
1277 743 1372 810 opus·

307 845 413 913 eulum
447 845 545 912 totius
578 864 681 931 paene
707 845 792 912 uitae
825 844 966 914 latorem
996 847 1149 931 iudicem,
1183 849 1372 934 praesertim

308 989 380 1037 oum
402 967 521 1036 multae
544 988 658 1036 causae
681 970 805 1056 possint
827 971 1001 1054 excogitari
1024 977 1248 1058 propterquam
1264 977 1374 1040 auom·

307 1093 394 1160 illam
417 1113 485 1160 rem
507 1091 692 1177 neglexerit

396 1217 612 1285 Bethmauuus
641 1217 769 1302 quidem
795 1219 861 1286 iam
893 1220 1152 1287 snn01014in
1180 1219 1373 1287 monasterio

308 1361 381 1411 eum
403 1341 504 1410 eredit
523 1341 623 1410 tuisse
645 1361 684 1410 ex
707 1341 737 1408 II
760 1344 818 1409 252
847 1342 903 1409 sod
932 1363 970 1412 ex
993 1343 1049 1410 illo
1071 1342 1141 1410 loeo
1164 1342 1274 1411 dubito
1297 1345 1373 1412 uum

307 1466 367 1533 hoo
388 1467 491 1553 possit
513 1465 593 1533 elisi.
623 1464 741 1533 Narrat
761 1465 807 1534 ibi
830 1471 940 1534 auotor
961 1467 1002 1535 de
1022 1466 1185 1552 Bruuiugo
1207 1467 1395 1561 monacho,-

309 1609 402 1675 quem
425 1588 511 1658 Geso
539 1579 637 1658 abbas
664 1589 788 1658 miserit
809 1589 1025 1676 Nouamuiam,
1050 1591 1187 1660 addens:
1219 1596 1375 1677 „asmata

308 1719 398 1781 maias
432 1727 553 1781 semotas
587 1737 672 1797 sam,
717 1737 810 1801 quesn
842 1717 935 1782 malti
966 1729 1123 1783 nouerant
1150 1720 1374 1804 propinquam

307 1833 402 1919 Μ’)
421 1835 560 1924 foisse.“
599 1837 722 1924 Nempe
743 1838 860 1906 iuieota
882 1839 1053 1926 propinqui
1080 1841 1234 1908 memoria
1260 1840 1373 1908 talium

308 1960 499 2049 seriptorum
526 1982 614 2030 more
643 1981 710 2029 rem
741 1962 876 2030 alienam
897 1963 1077 2048 ‘adiungens
1099 1969 1210 2033 narrat
1230 1964 1319 2032 illius
1340 1984 1374 2032 se

308 2087 436 2171 ooguati
462 2085 606 2174 exemplo
636 2091 829 2174 permotum,
864 2091 901 2153 ut
933 2087 1003 2174 ipse
1035 2090 1242 2156 monasticam
1272 2063 1394 2156 uitam¹

180 2209 183 2217 ’
308 2211 447 2296 eligeret.
485 2231 593 2298 syrma
615 2212 697 2278 euim
722 2231 780 2298 pro
803 2215 892 2278 ueste
917 2211 1096 2280 monachali
1123 2214 1252 2282 dietum.
1293 2213 1373 2280 illud

310 2341 415 2403 autem
444 2354 481 2402 eo
508 2335 578 2422 ipso
601 2341 745 2424 tempore
766 2335 885 2403 fautum
907 2335 987 2402 nihil
1016 2343 1064 2404 est
1086 2337 1171 2423 quod
1192 2343 1286 2422 oogst
1307 2357 1373 2406 ore-

253 2505 255 2508 -
309 2459 398 2542 dare3
433 2464 581 2546 poterant
607 2458 700 2526 multi
727 2459 881 2527 iuteresse
913 2460 999 2528 anui.
1045 2461 1152 2547 Atque
1185 2481 1258 2530 eeee
1292 2455 1373 2529 alius

309 2583 446 2651 oeourrit
467 2582 555 2650 loeus
578 2583 633 2669 qui
655 2588 728 2671 post
751 2586 883 2651 s1osu
907 2584 1044 2654 intrasse
1072 2605 1143 2654 eum
1170 2587 1241 2654 ueri
1267 2585 1374 2654 modio

309 2707 429 2775 simile:
453 2707 531 2774 dioit
553 2707 637 2775 euim
660 2707 745 2795 App.
761 2709 798 2774 5:
824 2706 921 2792 „Post
935 2709 1057 2777 obitum
1079 2710 1189 2777 domui
1211 2709 1373 2778 Gotetredi

309 2831 432 2898 abbatis
460 2831 514 2917 qui
541 2831 655 2898 timore
683 2837 715 2899 et
738 2851 846 2900 amore
875 2832 926 2900 dei
948 2833 1060 2922 plenus
1082 2834 1181 2903 tuisse
1202 2833 1369 2904 refertur“.

308 2956 386 3042 quid
403 2957 512 3042 faisse
538 2958 692 3043 rp‘ermr,
720 2956 749 3023 si
777 2957 928 3024 tredeoim
957 2978 1056 3027 annos
1078 2965 1224 3027 uersatus
1247 2967 1318 3028 erat
1338 2960 1371 3026 iu
1502 2980 1503 2987 ¹

198 3075 204 3089 '
308 3101 372 3148 uuo
399 3101 440 3148 ex
468 3081 669 3149 monasteriis
700 3080 751 3148 illi
784 3081 970 3150 comissis?
998 3103 1073 3150 uam
1101 3105 1129 3150 a.
1149 3087 1234 3151 1027
1263 3103 1371 3152 meuse

307 3204 454 3272 Ianuario
476 3203 671 3272 Godofredus
694 3205 781 3273 obiit
853 3220 863 3237 ·

397 3328 546 3408 Fortasse
567 3329 708 3396 nondum
730 3329 901 3398 monachus
925 3331 1082 3398 existebat
1103 3351 1175 3400 oum
1197 3332 1255 3402 illa
1269 3338 1371 3400 trum·

307 3453 385 3521 latio
407 3449 566 3520 oolebmta
588 3458 653 3537 est,
675 3453 810 3530 fortusse
832 3474 896 3522 oon
919 3461 988 3522 erat
1015 3475 1183 3542 praesens,
1212 3457 1270 3526 sod
1297 3475 1370 3524 eou-

308 3578 492 3645 morabatur
519 3577 588 3644 siue
614 3575 755 3644 Bremeti
784 3578 853 3646 siue
875 3579 962 3664 alibi,
991 3601 1055 3667 qua
1076 3581 1116 3648 de
1137 3601 1174 3648 re
1195 3582 1260 3648 uid.
1276 3580 1370 3649 Beth·

308 3721 445 3769 manuus
466 3723 497 3789 p.
513 3703 604 3768 5411.
621 3705 653 3770 6.
683 3700 766 3780 Quid
787 3707 856 3771 tum
878 3704 994 3770 mirum
1016 3705 1045 3771 si
1067 3725 1131 3772 uou
1152 3705 1202 3774 ita
1221 3706 1300 3774 haee
1320 3725 1370 3773 res

379 3875 409 3942 a)
427 3875 479 3933 mis
505 3875 658 3932 Bouianam
684 3874 801 3933 formam
828 3877 924 3948 euque
949 3877 1067 3935 saeculis
1093 3879 1301 3937 usitatissimam
1321 3893 1369 3951 pro

308 3982 362 4038 mei
388 3982 483 4054 posuit
508 3985 618 4038 austes:
643 3997 796 4052 pronomen
823 3985 967 4053 personale
992 3999 1043 4056 pm
1069 3986 1237 4056 possessiuo.
1274 3985 1369 4042 mimia

307 4085 497 4144 Bethmmum
514 4086 581 4143 mihi
597 4087 715 4156 sosipatt.
