3036 4914
880 437 927 486 LX

371 597 542 664 traditione
565 599 748 664 monosterii
772 596 902 665 scolaris
926 617 1015 683 opus,
1039 615 1102 662 non
1119 596 1199 662 tenti
1215 602 1294 680 orat,
1317 602 1353 663 nt
1371 618 1428 664 nna

371 728 552 790 seruaretur
576 743 646 788 cum
671 722 827 788 thesauris
856 723 910 806 qui
940 722 979 788 ab
1002 720 1172 788 Hortmuto
1202 720 1335 806 aliisquo
1363 741 1430 788 con·
1506 761 1508 788 t

371 847 453 931 gesti
475 852 566 913 erant
587 847 620 912 in
644 845 874 933 bybliothecam
892 846 1086 929 monosterii,
1110 851 1221 931 posteo
1237 865 1272 911 eo
1289 845 1429 912 rediisse:

372 971 400 1037 si
422 971 631 1037 Ekkeherdus
654 970 803 1054 restituit,
826 989 890 1036 non
914 970 976 1036 iom
1001 970 1096 1055 primi
1111 970 1297 1037 Ekkehardi
1320 971 1351 1036 id
1368 977 1432 1037 erat

372 1095 563 1182 exemplum,
588 1096 655 1162 siue
680 1095 910 1181 autographum
933 1093 1010 1160 iilud
1035 1095 1101 1160 suis
1117 1095 1304 1162 correcturis
1328 1095 1431 1181 opple-

372 1226 439 1287 tum
473 1221 596 1286 remisit
629 1220 697 1287 siue
732 1219 957 1307 transcriptum
994 1240 1033 1286 ox
1063 1240 1120 1285 sus
1150 1220 1339 1286 recensione.
1384 1218 1432 1285 Sic

371 1345 468 1428 igitur
498 1365 624 1411 censeo:
660 1344 749 1410 libris
780 1343 835 1410 Ao
865 1344 969 1428 quarti
1004 1343 1187 1410 Ekkehordi
1223 1344 1431 1411 recensionem

373 1475 549 1552 seruatum,
585 1468 680 1554 primi
709 1469 892 1535 Ekkehordi
924 1469 1088 1554 exemplar
1122 1469 1156 1534 in
1185 1489 1278 1535 omne
1313 1475 1431 1555 tempus

372 1594 534 1662 abolitum.
559 1593 624 1660 Nec
646 1598 752 1660 tomen
776 1595 834 1660 hoe
858 1594 1008 1660 damnum
1031 1597 1119 1660 tanto
1144 1592 1251 1660 doloro
1274 1593 1430 1660 ferendum

372 1725 489 1804 quanto
525 1718 680 1786 desiderio
715 1720 816 1805 ipsius
851 1719 1043 1786 recensionis
1078 1719 1210 1786 meliora
1244 1717 1431 1804 exemplaria
1506 1739 1508 1748 ·

372 1843 527 1930 cupiendo
550 1849 632 1910 sunt.
657 1863 730 1910 nam
755 1864 946 1928 quamquam
971 1851 1078 1911 noster
1102 1865 1190 1910 suom
1215 1864 1344 1929 operam
1361 1843 1430 1908 satis
1506 1865 1508 1918 i

371 1968 489 2035 extulit
512 1969 543 2033 in
567 1967 710 2052 Casibus,
735 1989 894 2056 perpauca
916 1974 1022 2035 tomen
1046 1970 1229 2036 emendasse
1251 1989 1323 2035 eum
1340 1972 1428 2054 patet

372 2115 434 2179 que
457 2094 490 2160 in
513 2114 547 2160 re
571 2094 762 2161 nouissimos
786 2100 877 2161 erant
899 2095 1097 2161 coniecturae
1127 2101 1159 2161 et
1187 2115 1224 2161 ee
1247 2114 1343 2178 quom
1367 2097 1430 2178 post

372 2219 450 2286 alios
482 2219 614 2306 protulit
638 2219 897 2286 Folckcnheimer
922 2240 951 2305 p.
971 2220 1061 2285 3311.
1082 2222 1117 2284 11
1151 2199 1315 2286 exordium
1345 2223 1431 2302 etque

373 2343 531 2428 epilogum
555 2345 660 2427 quarti
682 2343 866 2410 Ekkohardi
890 2365 969 2427 esse,
994 2350 1025 2410 et
1048 2364 1142 2428 quom
1163 2342 1346 2410 Son-Marte
1371 2342 1430 2427 μθ
1507 2407 1508 2429 ¹

372 2465 496 2554 Gsyder
513 2489 541 2553 p.
563 2469 625 2534 149
649 2489 711 2535 non
737 2470 829 2536 ueriti
855 2476 928 2535 sunt
944 2469 1149 2555 pronuntiare
1174 2468 1212 2534 ob
1236 2467 1290 2534 illo
1311 2467 1430 2534 demum

372 2575 547 2688 nergiliono
582 2613 651 2660 esse
676 2591 852 2672 .intruss*t.
900 2593 1027 2660 Rectius
1068 2591 1255 2659 IGrimmius
1292 2613 1323 2678 p.
1351 2587 1430 2658 XXV

368 2717 525 2784 'iudicauit
551 2724 659 2784 noster
682 2719 709 2784 si
738 2718 919 2801 diligentins
949 2719 1059 2784 enixus
1090 2725 1187 2799 esset,
1217 2723 1253 2783 ut
1282 2716 1322 2782 ad
1347 2733 1430 2782 suum

373 2843 483 2928 suique
499 2843 650 2929 temporis
666 2863 786 2909 morem
800 2841 1007 2910 Walthorium
1025 2843 1200 2928 adaptaret,
1217 2862 1280 2907 non
1296 2841 1430 2928 potuisse

373 2968 448 3053 quin
471 2967 668 3034 leoninorum
685 2989 851 3035 numerum
868 2967 966 3034 multo
985 2969 1134 3034 maiorem
1151 2967 1342 3033 institueret.
1373 2964 1431 3031 Hoc

372 3114 433 3160 non
457 3094 545 3161 iecit:
577 3095 683 3179 itaque
714 3094 795 3178 quod
829 3114 925 3160 unum
955 3093 1024 3180 ipse
1045 3093 1158 3160 iecisse
1182 3090 1349 3179 profitetur
1372 3095 1430 3176 sto·

372 3219 478 3285 doissc
502 3238 584 3301 eom,
608 3223 644 3285 ut
667 3219 873 3284 teutonismos
897 3239 975 3303 quos
998 3218 1108 3285 dicunt
1130 3221 1309 3284 remoueret
1331 3233 1430 3283 oense

375 3380 547 3387 .----—--v-
552 3379 586 3386 -ο

444 3463 472 3530 ὓ)
492 3463 675 3518 Ekkehordus
694 3464 804 3534 quidem
823 3465 850 3519 in
869 3464 985 3520 Ossibus
1004 3472 1036 3521 nt
1055 3481 1114 3520 mos
1132 3470 1192 3520 crat
1209 3465 1316 3520 illorum
1333 3469 1429 3532 tompo-

364 3561 431 3627 ¹rum
451 3587 505 3627 non
523 3571 607 3626 semei
629 3570 792 3640 Vergiliunis
816 3572 913 3626 utitur:
939 3581 1040 3643 experto
1060 3574 1153 3626 credite
1173 3573 1260 3642 120,2
1285 3547 1372 3640 129,8
1389 3564 1428 3632 (oi.

373 3678 474 3734 walth.
488 3679 565 3744 529),
587 3681 649 3746 sust
674 3697 722 3749 per
749 3678 841 3732 herbae
870 3677 914 3742 (G.
928 3679 1031 3745 11527)
1059 3687 1118 3733 nino
1146 3685 1171 3732 et
1196 3697 1284 3732 somno
1310 3680 1430 3746 indutqeut

372 3784 408 3850 (A
422 3785 462 3840 lx
477 3785 537 3852 165)
567 3786 625 3853 106,
635 3785 670 3840 45
697 3803 786 3838 somno
814 3793 923 3857 uinoque
950 3788 1062 3855 sepultus
1090 3783 1127 3848 (A
1140 3785 1165 3839 lI
1178 3786 1231 3839 265
1259 3781 1429 3840 waltherd)

280 3895 283 3899 ·
375 3891 478 3961 moso
496 3895 525 3944 ec
544 3891 656 3960 145‚18.
673 3895 753 3962 sama
777 3894 867 3944 uocans
890 3890 1001 3956 (worm
1018 3893 1060 3956 rr)
1081 3891 1194 3960 runos.
1220 3889 1247 3945 A
1261 3891 1271 3944 1
1285 3892 1333 3946 oo:
1354 3885 1428 3954 nso

372 3998 515 4054 A11407:
544 3999 647 4066 116,17
676 3997 834 4054 ΑΝ469ι
866 3997 977 4065 135,17.
1015 3999 1177 4066 liutpertum
1205 3997 1311 4052 inducit
1333 3991 1426 4062 Vergili

372 4120 469 4160 uersus
488 4109 664 4172 usurpantem
684 4105 727 4172 80,
737 4105 772 4158 39
791 4103 826 4169 (Α
840 4101 914 4157 1146
932 4103 987 4170 48).
1012 4103 1062 4158 His
1080 4107 1173 4159 tumen
1192 4103 1257 4159 nihil
1275 4101 1395 4158 efficitur.
1501 4178 1502 4186 ἵ
