3036 4914
672 443 787 490 XXXIII

185 599 348 664 memoria
371 599 439 665 sine
461 599 565 666 studio
588 604 714 687 poterat
737 599 833 682 effici,
858 620 952 685 quam
975 606 1060 668 totus
1085 606 1259 687 apparatus

185 727 229 788 ut
258 724 305 788 ite
333 722 435 788 dicam
466 724 675 807 uergilianus,
706 743 763 790 nee
791 743 922 808 operose
951 723 1127 808 colligenda
1155 730 1261 790 essent

184 847 332 930 undique
360 847 461 914 frusta
489 848 686 914 lautissimae
714 847 800 912 illius
824 848 924 932 dapis.
961 848 1092 914 aionon
1115 868 1187 914 raro
1212 869 1261 914 re-

184 947 385 1036 motissimos
419 972 503 1038 inter
532 992 566 1038 se
593 971 678 1038 locos
706 970 837 1054 Vergilii
872 972 1036 1038 coniunxit
1070 977 1178 1038 auctor
1213 969 1263 1056 (ut

185 1092 290 1178 879),
322 1095 368 1160 sic
402 1096 501 1162 uerba
535 1096 662 1182 quidem
697 1096 912 1182 transcripsit,
943 1095 999 1162 sed
1034 1095 1133 1160 aliter-
1160 1095 1262 1161 uoluit

183 1217 345 1304 intellegi,
372 1219 460 1288 uelut
473 1223 639 1306 ferratum
662 1236 786 1288 coetum
808 1242 839 1286 u.
855 1223 921 1286 964
945 1223 1008 1286 828
1034 1221 1188 1306 clipeique
1209 1243 1259 1284 re·

183 1344 322 1426 saltant,
349 1343 429 1411 addc
447 1348 542 1428 1131,
568 1346 618 1412 uel
635 1347 834 1412 alienatione
856 1345 941 1410 inter
959 1362 992 1409 ae
1008 1342 1170 1428 copulauit
1185 1363 1211 1408 e.
1229 1363 1258 1426 g.

186 1470 283 1534 1020
305 1470 443 1556 liquerat
464 1471 600 1536 calorem
629 1491 687 1556 pro
717 1490 753 1538 eo
783 1469 867 1554 quod
898 1473 947 1534 est
974 1469 1062 1534 color
1093 1491 1165 1534 oasa
1194 1466 1260 1532 eius

180 1594 323 1678 reliquit
344 1595 408 1659 967
432 1596 626 1681 stupp‘octus
650 1597 766 1672 eorda3
790 1613 870 1678 quae
894 1591 1000 1658 omnia
1023 1611 1087 1658 non
1102 1591 1258 1656 modicam

184 1735 301 1782 eorum
325 1717 500 1782 carminum
524 1716 690 1785 lectionem
715 1718 864 1805 produnt
901 1717 1044 1802 Apparet
1067 1715 1140 1781 inde
1164 1735 1259 1798 quam

183 1841 301 1926 inepta
323 1841 365 1906 ait
388 1861 496 1908 eorum
519 1842 709 1926 coniectura,
734 1842 788 1926 qui
803 1840 987 1907 Ekkehardi
1004 1840 1109 1924 quarti
1130 1858 1258 1924 operam
1277 1819 1280 1824 ’

182 1965 226 2030 in
253 1963 312 2029 hac
338 1985 374 2031 re
402 1945 590 2051 posuerunt,
619 1971 655 2032 ut
682 1987 721 2032 ex
744 1965 885 2050 Vergilio
914 1965 1089 2032 intruderet
1116 1963 1167 2028 hic
1194 1962 1260 2029 illic

185 2089 365 2155 uersiculos
393 2090 427 2154 in
457 2090 552 2174 primi
580 2089 764 2156 Ekkehardi
793 2110 934 2156 carmen:
970 2109 1044 2154 nam
1076 2087 1258 2170 uergilianis

185 2213 291 2299 copiis
326 2212 457 2280 sublatis
492 2214 568 2298 quid
602 2215 667 2280 iam
699 2214 832 2282 restabit
866 2214 1025 2295 integrum
1059 2211 1120 2277 nisi
1150 2217 1258 2297 partes

186 2338 346 2423 quaedam
370 2338 519 2404 carminis
543 2359 598 2404 eae
621 2338 675 2406 ubi
697 2344 791 2426 poeta
815 2339 964 2424 abreptus
988 2337 1099 2403 ardore
1123 2337 1258 2420 quodam

185 2478 248 2528 suo
278 2462 383 2548 potius
412 2463 538 2546 ingenio
567 2463 667 2530 fretus
698 2463 814 2530 oblitus
845 2467 894 2530 est
925 2482 989 2528 non
1018 2481 1091 2528 raro
1120 2461 1258 2546 exempli

185 2586 256 2668 sui,
290 2587 348 2653 sub
382 2586 477 2678 finem
511 2587 713 2673 potissimum
746 2588 913 2670 carminis,
949 2585 1003 2652 ubi
1037 2585 1258 2651 describuntur

183 2710 301 2776 heroes
332 2710 415 2777 inter
449 2731 483 2777 ae
516 2681 757 2803 deproeliantes.
805 2711 875 2777 lam
910 2710 984 2795 quid
1014 2708 1146 2792 Vergilii
1181 2709 1257 2793 quid

183 2833 290 2920 ipsius
312 2833 495 2902 Ekkehardi
525 2834 566 2901 eit
594 2835 653 2904 hac
681 2836 859 2902 conlatione
886 2835 1032 2900 instituta
1062 2854 1133 2899 cum
1157 2854 1256 2920 appa-

185 2963 275 3042 reat,
310 2959 348 3024 de
381 2960 482 3046 ipsius
513 2961 639 3042 ingenio
675 2964 769 3044 atque
802 2979 947 3034 sermone
978 2959 1094 3054 rectius
1123 2958 1257 3024 iudicari
1316 2985 1321 3000 ·

179 3083 322 3169 poterit:
347 3083 498 3168 quidquid
521 3084 721 3167 iudicaueris,
745 3103 785 3150 ne
809 3081 883 3149 illae
897 3082 1035 3168 guidem
1059 3087 1166 3168 partes
1187 3083 1256 3166 qui-

185 3206 247 3272 bus
277 3205 434 3290 Vergilius
467 3228 531 3274 non
564 3208 681 3292 adfuit,
715 3214 780 3274 tam
815 3207 897 3275 exile
931 3207 1093 3290 ingenium
1128 3212 1256 3291 tamque

186 3350 374 3416 peruersum
408 3331 591 3417 ostendunt,
631 3352 726 3417 quam
762 3332 845 3417 quod
884 3351 922 3398 ex
958 3329 1086 3398 Geraldi
1124 3331 1254 3416 prologo

180 3475 246 3523 nos
276 3455 395 3522 arridet
422 3476 515 3540 quern
542 3457 576 3522 in
604 3457 707 3522 fronte
737 3455 830 3522 huius
856 3455 931 3521 libri
954 3454 1134 3541 ponendum
1157 3454 1255 3521 fuisse

185 3581 404 3666 maximopere
426 3582 522 3667 piget.
550 3581 683 3649 Accedit
705 3580 840 3665 denique
864 3580 942 3645 illud
965 3579 1048 3664 quod
1072 3578 1255 3665 conparatio

184 3705 250 3770 ista
272 3725 367 3790 quem
390 3704 429 3771 de
450 3704 603 3772 librorum
631 3704 797 3788 generibus
828 3705 1032 3790 exposuimus
1062 3704 1253 3770 sententiam

184 3827 367 3911 confirmat3
390 3849 453 3914 qua
467 3828 506 3896 de
520 3850 555 3896 re
571 3850 643 3895 eum
658 3829 735 3895 satis
757 3849 853 3915 supra
876 3828 995 3895 dictum
1018 3818 1070 3908 sit,
1095 3828 1135 3894 ad
1156 3847 1253 3892 unum

144 3999 149 4004 -
184 3953 288 4020 locum
309 3955 380 4045 797Ι
395 3953 449 4020 ubi
472 3955 554 4040 petit
577 3974 648 4020 acer
671 3955 705 4020 in
729 3954 824 4019 armis
849 3979 882 4036 a,
906 3953 1003 4020 ceteri
1027 3953 1115 4018 stetit
1138 3972 1166 4018 a.
1183 3915 1250 4016 isa.

63 4170 65 4172 -
185 4098 226 4145 ex
248 4075 381 4160 Vergilii
403 4077 507 4143 Allll
523 4080 605 4161 938,
629 4077 692 4143 alia
714 4076 889 4160 uergiliana
912 4095 1096 4161 congeram,
1120 4095 1158 4141 ex
1182 4075 1251 4160 qui·

986 4215 1001 4254 ὓ
