3036 4914
772 494 806 539 Ll

255 651 322 716 siue
346 658 395 717 est
418 652 538 752 scribae
562 651 760 734 neglegentia
784 658 893 738 postca
922 671 994 717 cum
1019 653 1189 736 corrigeret
1212 657 1320 718 auctor

254 794 318 840 non
352 777 507 860 castigata
542 778 608 842 siue
645 775 845 842 membranae
879 775 950 842 linis
985 777 1093 842 stilum
1129 778 1203 862 poni
1233 775 1320 842 iube

256 898 310 964 bat
344 905 375 964 et
409 906 521 986 postea
554 900 623 966 ille·
644 898 771 985 explere
805 900 949 966 lacunam
978 900 1126 984 neglexit.
1174 900 1319 978 Codieem

254 1023 490 1092 Bremetcnsem
523 1025 668 1090 mutilum
698 1025 796 1090 fuisse
825 1044 887 1088 nou
917 1023 1070 1091 arbitror:
1106 1030 1231 1112 praeter
1259 1024 1322 1090 alia

255 1150 437 1216 testimonia
460 1149 519 1215 hoc
544 1147 655 1216 affero:
680 1169 751 1215 cum
776 1149 968 1215 exscriberet
992 1154 1100 1215 auctor
1116 1148 1152 1214 'u.
1171 1151 1237 1215 220
1260 1151 1321 1216 eis·
1410 1175 1414 1182 ·

254 1275 326 1340 dem
351 1275 451 1340 utitur
474 1274 578 1341 uerbis
606 1275 740 1359 quaein
764 1274 903 1340 carmine
925 1272 1072 1356 leguntur
1096 1295 1126 1340 u.
1146 1276 1249 1340 init·

345 1399 433 1479 Quod
458 1399 642 1485 supradixi
668 1419 729 1464 non
753 1398 855 1464 uideri
878 1397 1168 1482 Peregrinationem
1195 1421 1322 1466 carmen

253 1525 363 1608 fuisse,
388 1526 495 1611 paucis
520 1524 727 1610 conprobato.
768 1522 888 1589 Auctor
918 1523 1056 1590 chronici
1080 1525 1108 1590 si
1131 1525 1323 1591 carminibus

255 1648 419 1732 utebatur,
448 1669 511 1715 non
541 1649 662 1715 studuit
689 1648 845 1734 poeticum
877 1668 1053 1714 sermonem
1082 1649 1114 1715 in
1145 1650 1321 1735 pedestrem

254 1778 449 1857 conuertere,
473 1773 527 1840 sed
551 1795 674 1840 summa
698 1793 767 1838 cum
793 1773 945 1856 socordia,
970 1773 1001 1838 id
1026 1775 1109 1858 quod
1132 1775 1165 1839 in
1182 1773 1323 1841 Walthe-

255 1899 304 1963 rio
332 1898 450 1964 factum
474 1899 633 1982 uidemus,
663 1897 826 1963 transtulit
855 1898 952 1963 uerba
979 1899 1013 1964 in
1044 1918 1136 1964 suum
1161 1898 1324 1984 exemplar

256 2022 418 2108 paululum
448 2024 574 2088 iunerso
604 2023 731 2105 ordine,
767 2022 884 2088 addens
920 2022 1038 2107 passim
1069 2043 1148 2107 quae
1177 2029 1325 2109 poterant

257 2145 377 2231 omitti,
407 2131 555 2213 omittens
580 2167 660 2231 quae
683 2167 746 2211 non
776 2147 884 2212 deesse
914 2146 1084 2212 debebant:
1114 2147 1159 2213 sio
1188 2147 1325 2232 plurima

256 2272 392 2355 uestigia
415 2272 530 2358 prioris
554 2272 675 2337 formae
697 2271 840 2356 reliquit:
871 2271 905 2336 in
929 2270 1183 2355 peregrinatione
1202 2271 1324 2338 trustra

257 2397 462 2481 quaesiueris.
487 2396 531 2461 At
547 2396 681 2462 alterum
697 2396 756 2462 tibi
772 2394 955 2481 exemplum
972 2397 1135 2462 ostendam
1161 2396 1188 2461 V
1205 2398 1247 2462 29
1272 2395 1325 2464 ubi

258 2521 297 2587 de
313 2520 451 2586 Oddonis
470 2522 657 2604 marcgrauii
675 2521 842 2586 donatione
860 2521 994 2605 quadam
1012 2521 1124 2604 agitur.
1153 2520 1200 2587 lbi
1217 2523 1324 2588 statim

256 2649 384 2731 praeter
409 2647 606 2713 assonantias
623 2667 700 2730 quas
716 2645 834 2730 dicunt,
859 2644 946 2711 uelut
960 2647 1020 2712 tihi
1032 2647 1080 2710 idi
1101 2645 1223 2730 aliaque
1246 2667 1326 2730 quae

258 2768 394 2837 colorem
418 2756 575 2857 poeticum
599 2771 732 2854 babent,
763 2776 798 2836 ut
827 2770 978 2836 aduerbia
1001 2773 1085 2837 clare
1106 2773 1216 2858 potale
1237 2771 1327 2837 iuxta

257 2895 372 2980 posita,
396 2897 570 2982 primorum
590 2896 719 2963 uerbum
745 2895 911 2981 rhythmus
935 2915 1062 2960 carmen
1085 2895 1214 2978 indicat,
1238 2896 1325 2961 cuius

257 3018 366 3105 aliqua
388 3041 461 3106 pars
483 3021 569 3087 facili
592 3041 688 3107 opera
710 3020 835 3086 restitui
858 3024 963 3105 potest
984 3019 1067 3085 hunc
1090 3020 1123 3084 in
1146 3019 1288 3085 modum:

402 3151 510 3220 (oddo),
530 3159 625 3206 saincte
643 3153 731 3220 Petra,
750 3151 801 3206 tibi
819 3151 932 3205 tradidit
951 3151 1109 3206 Pollentiam

401 3249 491 3304 locum
511 3249 637 3320 dignum:
657 3255 839 3304 memoresto
858 3249 978 3304 muneris
998 3249 1139 3304 clarissimi

401 3346 597 3403 contradentur
615 3348 684 3402 caeli
703 3347 776 3402 dona
794 3347 890 3402 tribuit
908 3348 954 3416 qui
973 3351 1071 3402 terrea.

400 3445 451 3499 t-ibi
470 3445 508 3500 ibi
527 3445 683 3500 modulatur
701 3445 827 3500 rithmica
844 3445 967 3500 laudatio

403 3543 469 3598 Loci
488 3542 569 3596 buius
588 3544 696 3598 moenia
714 3559 779 3598 ecee
798 3544 900 3597 micant
918 3543 991 3597 clare
1009 3543 1102 3611 patule

400 3671 539 3688 -v-v
560 3656 614 3708 quo
633 3647 756 3710 apparet,
776 3641 870 3710 quanti
889 3638 942 3694 tuit
959 3640 1047 3708 pretii.

403 3736 493 3792 fontes
512 3741 554 3792 tot
573 3739 744 3808 reperiuntur
762 3742 830 3806 quot
847 3753 901 3791 non
921 3737 975 3791 ullo
993 3737 1021 3791 in
1040 3737 1134 3790 altero.

402 3840 511 3904 praeter
529 3850 598 3902 quos
617 3841 661 3889 est
678 3836 753 3889 latex
771 3833 882 3903 quidam
901 3835 964 3889 olim
984 3834 1074 3888 dictus
1093 3833 1201 3902 impius,

333 3935 335 3938 '
404 3931 451 3986 ubi
469 3932 539 3986 inter
557 3931 657 3986 fluctus
676 3931 784 3986 uidebis
803 3932 944 3986 caeruleas
963 3932 1053 3986 silices
1125 3922 1130 3931 ¹

403 4043 545 4083 caesorum
566 4029 642 4083 uelut
659 4031 818 4084 sanctorum
837 4027 1007 4084 madefactas
1026 4028 1168 4097 sanguine.
