3036 4914
796 468 904 516 LXVIII

320 649 391 694 oum
419 649 488 694 esse
517 627 639 715 prologi
669 629 855 715 scriptorem
893 629 1070 715 suspicatus
1105 636 1154 697 est
1181 630 1385 698 lGrimmine:

320 753 376 837 sio,
400 771 469 818 oum
486 752 753 820 Erohamboldum
770 753 1034 838 Argentineneem
1050 755 1257 840 intellegeret,
1281 757 1388 822 omnia

322 877 441 962 optime
464 876 547 944 inter
575 899 608 944 se
638 879 875 946 conueniebant.
914 879 1032 945 Fuerat
1057 880 1085 945 is
1108 879 1241 947 Notkeri
1263 881 1388 948 Balbnli

319 999 506 1086 discipulus,
531 1021 624 1085 quem
648 1023 717 1070 oum
742 1024 771 1070 a.
788 1005 863 1068 912Ι
879 1008 1037 1070 mortuum
1062 1010 1199 1090 constet,
1222 1006 1389 1074 Ekkehar·

319 1127 377 1192 dus
407 1144 530 1211 qnoque
558 1128 626 1193 sine
655 1128 750 1195 dubio
778 1128 871 1194 huius
901 1129 963 1194 uiri
991 1130 1190 1197 institutione
1219 1151 1295 1198 usus
1330 1137 1387 1198 est.

320 1252 418 1336 Igitur
447 1271 517 1318 oum
541 1251 641 1336 Ungri
671 1253 813 1336 regiones
844 1252 916 1319 illas
946 1255 1164 1340 deuerterent,
1198 1239 1388 1340 nigesimunl

183 1417 187 1425 -
319 1375 355 1442 Ε.
381 1377 493 1442 aetatis
518 1396 634 1442 annum
657 1383 873 1460 transgressus
897 1383 979 1446 erat:
1004 1399 1066 1463 qna
1089 1400 1160 1447 oum
1183 1386 1287 1447 aetate
1312 1401 1388 1465 quos
1440 1427 1442 1432 -

319 1500 513 1568 Woltharius
536 1506 671 1568 testatur
694 1502 813 1586 ingenii
836 1503 920 1569 uires
944 1510 1039 1589 atque
1059 1505 1164 1572 studio
1186 1507 1249 1572 iam
1274 1526 1388 1572 conue-

319 1627 419 1691 niunt.
459 1625 600 1692 Primum
631 1627 688 1693 hoo
718 1648 797 1712 opus
828 1648 917 1693 suum
948 1628 1017 1714 ipse
1046 1630 1185 1697 declaret
1207 1631 1240 1696 in
1265 1631 1388 1717 epilogo

320 1772 395 1818 uooe
420 1772 504 1834 osus,
529 1771 609 1834 quae
633 1758 781 1818 consueta
806 1758 873 1818 erat
897 1757 990 1837 atque
1014 1754 1165 1821 solemnis
1181 1754 1289 1821 Sancti
1306 1754 1388 1822 Galli

320 1876 493 1960 monachia,
517 1877 677 1962 paululum
702 1879 829 1962 quidem
852 1877 985 1945 inflexa:
1010 1881 1137 1945 modae
1160 1880 1244 1946 enim
1264 1901 1298 1946 so
1315 1900 1387 1946 oon·

320 2005 413 2086 parat
447 2000 569 2081 (malles
599 2021 747 2067 canoram
778 2005 881 2084 auem)
916 2027 998 2091 quoe
1024 2007 1109 2070 nido
1137 2008 1277 2071 nondum
1310 2009 1389 2093 petit

320 2129 386 2193 alta
414 2128 547 2192 relictio.-
577 2126 622 2192 sio
651 2132 781 2210 quartus
811 2127 1019 2194 Ekkehordus
1044 2149 1075 2214 p.
1095 2129 1239 2212 115,19:
1271 2129 1388 2196 Domi·

320 2253 428 2316 cilium
453 2253 538 2338 qood
559 2275 618 2337 per·
640 2265 782 2318 nanctum
801 2251 930 2321 Gallum
944 2257 1040 2318 nidos
1055 2268 1160 2319 noster
1178 2268 1231 2337 ent,
1256 2255 1387 2321 iterum·

321 2395 381 2456 que
405 2395 442 2458 p..
456 2375 529 2456 128,
543 2374 601 2439 34:
626 2377 699 2440 talio
722 2380 816 2442 nidero
841 2378 938 2442 boone
962 2402 1036 2444 aueo
1060 2381 1151 2444 decet.
